3050 4809
260 274 310 345 aa
618 272 792 341 romnus
817 250 1022 341 zonsnsn‘

260 449 430 517 ἀπέκτεινεν
452 444 651 529 ἀμυνόμενος.
701 442 744 523 ὡς
770 436 824 511 nair
847 441 949 533 κύκλρι
973 470 1006 511 τε
1028 442 1125 511 odensi
1145 443 1300 526 κειμένους
1322 448 1377 511 mi

224 576 249 627 1)
265 550 490 639 τετραμμένους
514 550 592 635 πρός
618 548 711 615 αύτδν
734 545 835 625 εἶδον,
864 544 1060 632 ύαετύπησαν
1081 548 1118 614 τδ
1141 544 1303 633 γενόμενον
1324 551 1379 614 καὶ

260 658 364 738 μέντοι
382 656 432 719 καὶ
450 653 671 739 ἐθορύβησαν·
707 652 786 737 πρὸς
802 652 837 717 δέ
853 662 917 728 τοῖς
931 656 984 717 καλ
1001 649 1054 719 διό
1070 678 1101 717 τι
1116 658 1263 717 τοιοῦτον.

364 755 505 833 Λούκιός
528 784 575 833 τις
595 756 770 840 Οὐεργίνιος
792 757 826 821 ἐκ
848 761 903 821 τοῦ
928 755 1069 839 πλήθους
1085 755 1129 821 ὢν
1145 758 1197 821 καὶ
1214 755 1375 840 θυγατέρα

262 860 339 944 ’έχων
352 867 517 949 περικαλλῆ
524 863 655 949 Λουκέῳ
664 860 793 946 Ἰκιλλέιμ
806 864 867 924 τῶν
880 855 994 939 δμοόαιν
1006 861 1091 949 αύτῷ
1102 857 1246 925 ἐκδώσειν
1257 860 1403 942 iiiam-5

262 962 375 1049 ταύτης
400 962 417 1029 ὅ
446 963 602 1041 Κλαύδιος
625 964 769 1048 ἐρασθεὶς
792 964 846 1027 καλ
867 961 911 1045 μὴ
928 960 1043 1047 τυχιόν,
1069 959 1378 1049 παρισκεύαυέτινας

263 1071 493 1153 δουλαγωγῆσαι
511 1068 624 1150 aristis·
650 1070 700 1131 καὶ
718 1065 864 1149 δικαστὴς
880 1058 917 1149 ἦν
934 1070 1055 1144 ἐκεῖνος.
1097 1068 1200 1132 ἐλθὼν
1216 1060 1270 1131 σύν
1285 1062 1303 1129 δ
1320 1071 1377 1148 τῆς

263 1170 356 1259 κόρης
372 1173 473 1257 πατὴρ
491 1172 523 1236 ἐκ
541 1176 597 1237 τοῦ
613 1172 821 1257 στρατοπέδου
838 1171 1082 1256 ἐδικαιολογεῖτο.
1119 1168 1162 1247 ὡς
1179 1172 1212 1235 δέ
1229 1167 1246 1233 δ
1265 1166 1378 1234 Κλαύ-

264 1277 328 1352 διος
350 1274 463 1359 ταύτης
479 1276 712 1360 κατεψηφίσατο
733 1276 784 1339 καὶ
801 1283 865 1349 τοῖς
882 1276 1128 1359 δουλαγαγούσιν
1145 1274 1242 1357 αὐτὴν
1260 1270 1280 1356 ἦ
1297 1269 1376 1357 κόρη

264 1376 424 1464 παρεδόθη
450 1382 499 1443 καλ
523 1378 623 1453 οὐδεὶς
646 1376 812 1461 ἐπήμυνεν,
852 1374 1059 1463 δπερήλχησεν
1082 1376 1098 1443 ὅ
1123 1376 1237 1461 ταύτης
1260 1374 1377 1461 πατήρ,
1387 1388 1426 1441 ln

263 1485 314 1547 καὶ
339 1482 395 1565 τὴν
417 1482 576 1567 θυγατέρα
598 1484 699 1547 κοπίδι
724 1480 986 1566 διαχειρισάμενος
1002 1482 1081 1567 πρὸς
1097 1482 1169 1559 τούς
1184 1477 1379 1567 στρατιώτας

118 1602 152 1656 W
170 1600 197 1656 11
214 1599 250 1655 28
265 1582 307 1663 ὡς
323 1582 399 1669 εἶχεν
416 1583 598 1668 ἐξώρμησεν.
631 1583 685 1661 οὓς
703 1585 775 1649 odat
792 1586 863 1668 πρὶν
879 1579 913 1649 ssi
931 1587 1140 1666 διακειμένους
1152 1584 1251 1660 οὕτως
1262 1581 1378 1671 ἐτόρυ-

137 1702 248 1759 Ρ1348
265 1692 313 1767 ξεν
337 1688 414 1754 ὥστε
441 1687 536 1763 εὐθὺς
558 1688 607 1750 ἐπὶ
629 1686 684 1769 τὴν
708 1683 805 1755 πόλιν,
820 1687 898 1773 πρὸς
922 1688 977 1754 τδν
999 1685 1159 1754 Κλαύδιον
1181 1689 1376 1769 ἐπειχθῆναι.

262 1794 315 1857 καὶ
339 1791 368 1855 oi
385 1791 481 1874 ἕτεροι
498 1791 533 1855 δέ
550 1790 578 1855 oi
596 1790 644 1853 ἐπὶ
663 1789 735 1867 τοὺς
752 1792 905 1869 Σαβίνους
921 1792 1171 1875 ἐστρατευμένοι,
1203 1791 1266 1855 ἐπεὶ
1284 1790 1378 1854 τοῦτ’

263 1894 400 1977 ἔμαθον,
425 1891 460 1958 τό
478 1918 510 1958 τε
534 1890 697 1979 τύφρευμα
714 1894 864 1972 ἐξέλιπον,
889 1897 940 1958 καὶ
958 1894 1163 1976 συμμΐξαντες
1177 1903 1242 1970 τοῖς
1257 1898 1379 1969 λοιποῖς
1390 1906 1426 1958 lu

263 1996 379 2083 ἄνδρας
395 1995 507 2063 εἴκοσιν
523 1993 640 2061 ἑαυτῶν
658 1994 894 2083 προεστήσαντο,
912 1999 963 2063 καὶ
980 1998 1069 2063 ούδέν
1083 1997 1195 2085 μικρὸν
1208 1998 1379 2081 ἐλογέζοκτσ

264 2104 388 2188 πρᾶξαι.
440 2102 490 2165 καὶ
515 2098 550 2165 τὸ
575 2098 650 2168 ἄλλο
678 2100 713 2164 δέ
735 2105 859 2182 πλῆθος
880 2100 915 2164 sd
939 2103 971 2165 ἐν
987 2110 1024 2189 τῇ
1041 2100 1127 2167 πόλει
1143 2099 1382 2187 προσεχώρησεν

265 2205 369 2281 αὐτοῖς
385 2206 434 2269 καλ
450 2202 520 2285 μετ’
541 2202 642 2269 αὐτῶν
658 2200 815 2286 ἐθορύβει.

365 2307 416 2371 Ἐν
440 2302 559 2383 τούτοις
584 2302 600 2371 δ
624 2306 680 2388 μέν
697 2303 856 2380 Κλαύδιος
871 2308 1026 2392 φοβηθεὶς
1041 2304 1174 2392 ἐκρύβη,
1193 2306 1326 2382 Ὄππιος
1343 2307 1381 2371 δὲ

264 2409 320 2495 τήν
337 2436 369 2477 τε
384 2410 503 2495 βουλὴν
518 2408 648 2494 ἤθροισε
665 2410 716 2473 καὶ
737 2408 864 2491 πέμψας
879 2407 1011 2475 ἐπύθετο
1029 2416 1084 2475 τοῦ
1102 2407 1244 2493 πλήθους
1253 2411 1288 2473 τέ
1295 2407 1377 2488 βού-
1387 2421 1428 2475 w

264 2521 377 2581 λονται.
429 2513 458 2581 ui
482 2513 515 2579 δέ
538 2513 592 2579 τόν
611 2513 799 2597 Οὐαλλέριον
815 2510 957 2579 Λούκιον
979 2517 1030 2578 καὶ
1048 2512 1101 2579 τὸν
1113 2510 1257 2602 Ὁράτιον
1274 2509 1381 2599 Μύρ-

265 2642 328 2699 κον,
354 2617 471 2702 ἄνδρας
487 2620 519 2683 ἐκ
539 2622 599 2683 ταῖν
615 2621 789 2698 βουλευτῶν
806 2615 909 2692 adroic
921 2616 1168 2705 προσκειμένους,
1193 2622 1380 2704 πεμφθῆναι

334 2832 398 2883 1τε
415 2846 456 2881 om
474 2830 508 2883 C.
614 2821 829 2881 adnectuntur
846 2830 878 2879 Α.
981 2824 1031 2881 κοιλ
1045 2826 1158 2897 μέντοι]
1176 2823 1212 2880 ού
1228 2824 1324 2895 μένω
1344 2830 1378 2883 (ἶ.

334 2900 351 2954 5
370 2896 513 2951 λουκιλλέα
530 2894 623 2950 aarum
641 2896 673 2947 B.
780 2894 862 2951 isai
877 2890 1010 2967 δικαστὴς
1026 2887 1063 2967 ἦν
1079 2890 1188 2961 ἐκεῖνος
1203 2898 1257 2953 add
1272 2900 1332 2952 ΑΒ.

264 3087 377 3141 iacentia
398 3096 425 3140 at
449 3087 483 3139 ad
509 3101 566 3136 eum
592 3098 721 3134 conversa
741 3082 881 3147 viderent,
905 3099 974 3152 quos
998 3100 1029 3135 ss
1051 3082 1215 3135 defendendo
1232 3084 1379 3152 oeciderst,

263 3156 391 3230 suspicati
408 3154 471 3225 quid
490 3161 575 3205 actum
586 3159 665 3205 *asset
683 3158 711 3204 et
722 3151 875 3205 tumultuati
885 3158 956 3209 sunt.
992 3151 1044 3205 huc
1055 3151 1125 3205 aliud
1136 3153 1240 3205 facinus
1253 3156 1380 3208 secessit.

367 3240 466 3293 Lucius
485 3236 629 3305 Verginius
647 3236 723 3289 homo
742 3236 861 3307 plebeios
880 3236 1010 3309 virginem
1026 3236 1241 3291 formosissimam
1258 3238 1381 3293 [niciiio

263 3310 378 3365 eiusdem
399 3308 498 3361 ordinis
523 3306 581 3359 viro
607 3307 795 3376 desponderat.
830 3324 908 3378 quam
928 3325 985 3360 cum
1005 3306 1132 3361 Claudius
1151 3308 1300 3377 deperiret,
1329 3328 1380 3362 neo

262 3391 351 3433 tamen
370 3395 401 3430 eu
419 3376 501 3446 potiri
517 3380 618 3449 posset,
637 3374 789 3445 quibusdam
807 3377 939 3461 negotium
957 3377 1032 3429 dedit
1047 3376 1158 3460 virginis
1176 3378 1203 3429 in
1221 3379 1381 3432 servitutem

262 3447 433 3503 asserendae:
459 3446 518 3516 ipso
545 3451 632 3498 autem
653 3461 701 3514 pro
724 3445 850 3499 tribunali
873 3446 994 3499 sedebat
1028 3446 1158 3513 virginem
1182 3464 1240 3500 oum
1264 3458 1345 3517 pater
1364 3468 1382 3500 e

262 3517 356 3570 castris
374 3532 499 3569 reversus
517 3513 690 3581 defenderet,
716 3514 841 3567 Claudius
859 3524 948 3568 antam
963 3514 1178 3581 accusatoribus,
1197 3516 1301 3571 nemine
1320 3518 1379 3589 opi-

260 3586 373 3653 tulante,
392 3584 529 3637 addiceret
543 3585 723 3652 traderetque,
740 3592 818 3653 pater
835 3584 924 3636 dolore
941 3594 1082 3637 commotus
1100 3584 1179 3637 filiam
1192 3586 1277 3639 ouitro
1289 3596 1380 3641 trans·

261 3654 331 3723 tigit:
358 3653 499 3723 statimque
524 3652 557 3706 ad
582 3652 676 3707 milites
705 3660 840 3723 properat.
881 3669 947 3721 quos
971 3670 1020 3705 neo
1043 3660 1106 3706 ante
1123 3656 1189 3706 bene
1206 3655 1321 3710 affectos
1339 3658 1381 3711 sic

260 3722 439 3793 perturbavit,
457 3730 486 3775 ut
502 3740 561 3775 mox
577 3722 604 3775 in
623 3722 712 3775 urbem
731 3732 826 3773 conus
844 3720 981 3775 ctsudiuu
999 3731 1178 3793 annumerent.
1213 3723 1378 3797 aliiqnoque

261 3792 308 3863 qui
332 3798 427 3844 eontra
445 3792 560 3845 Sabinos
584 3792 751 3861 pugnabant,
775 3808 808 3842 ea
831 3808 862 3842 re
883 3790 1005 3859 cognita,
1027 3792 1096 3844 valio
1115 3793 1219 3846 deserto
1239 3796 1378 3862 congressi

259 3876 316 3915 onus
334 3860 460 3929 reliquis,
477 3860 542 3913 viris
558 3860 654 3931 viginti
671 3876 770 3913 sommo
782 3875 871 3911 rerum
888 3860 1025 3926 mandata,
1050 3860 1113 3913 nihii
1129 3862 1258 3916 modicum
1276 3866 1380 3932 eogita-

259 3938 331 3985 runt.
367 3929 575 3983 necessitatium
593 3932 691 3983 urbana
709 3927 846 3981 msdtitudo
863 3945 895 3981 ao
912 3930 1047 3985 tumultum
1065 3930 1151 3987 auxit.

363 4015 469 4067 Interes
494 4014 622 4067 Claudius
645 4030 710 4083 prae
734 4020 807 4065 matu
828 4028 858 4065 se
880 4014 1034 4069 abscondite
1065 4016 1170 4085 Oppius
1193 4032 1259 4069 vero
1280 4028 1379 4072 oosoto

260 4090 353 4139 senntu
376 4100 426 4154 per
446 4084 622 4136 internuntios
645 4081 836 4136 multitudinem
852 4091 1026 4151 percontatur
1045 4084 1108 4153 quid
1125 4085 1178 4137 sibi
1194 4087 1269 4141 veiit.
1304 4106 1378 4157 quse

259 4171 317 4207 oum
334 4154 368 4207 1..
387 4152 516 4205 Vaierium
534 4161 562 4207 et
579 4153 619 4205 Μ.
637 4150 779 4203 Horatium
795 4154 923 4206 senatorii
937 4154 1054 4219 ordinis,
1077 4154 1126 4205 sed
1148 4153 1266 4208 homiues
1287 4173 1375 4227 popu-

257 4222 342 4291 isres,
366 4222 400 4276 ad
423 4238 453 4275 sa
470 4222 539 4275 mitti
561 4222 727 4292 postularet,
747 4234 879 4291 perquer
897 4239 1051 4293 responsum
1070 4221 1164 4275 datura
1183 4234 1272 4291 esset,
1298 4226 1377 4295 iique

259 4292 329 4347 misai
347 4308 398 4345 nou
416 4298 521 4360 essent,
547 4290 642 4347 veritis
665 4287 821 4345 decemviris
844 4308 878 4345 ne
895 4292 928 4345 iis
944 4300 1038 4345 contu
1053 4306 1084 4343 aa
1101 4290 1212 4345 ducibus
1231 4304 1375 4349 amentur
