3050 4809
250 251 326 324 348
488 284 491 293 ·
610 252 782 320 loannis
799 252 996 319 zolianae

248 425 350 502 πόλει,
376 425 428 488 καί
449 431 513 500 τοῖς
536 433 715 510 στρατηγοῖς
737 424 795 509 τήν
817 426 958 512 ηροαρίιν
977 422 1073 507 αὐτῆς
1094 424 1259 507 ἐνεχείρισε.
1311 428 1358 508 τη·

249 530 385 612 Καάναρι
412 527 447 590 ll
468 527 525 591 σόν
547 534 586 614 τῇ
610 535 740 618 στρατιᾷ
761 529 821 614 πρό
844 535 899 592 τοῦ
927 527 1034 604 άστεος
1059 527 1209 612 γενομένῳ
1236 531 1294 591 τών
1320 550 1357 589 τε

247 635 420 712 βουλευτῶν
436 655 513 706 τινες
528 633 579 718 καί
595 635 657 696 τών
672 637 728 697 τοῦ
744 629 845 714 δήμου
862 635 968 696 πολλοὶ
985 628 1234 716 προσεχώρησαν,
1255 631 1305 692 καὶ
1323 627 1357 692 oi

248 735 413 819 στρατηγοί
436 730 563 810 {aetolo
585 737 636 798 noi
661 735 733 811 τοὺς
758 732 947 818 στρατιώτας
969 736 1070 822 ἐκείνην
1086 734 1277 818 παρέδοσαν·
1303 733 1358 794 καὶ

109 843 233 902 Ρ1499
250 835 330 902 οότω
355 836 412 920 τήν
432 835 520 901 πόλιν
543 837 654 919 ἀμαχεί
677 839 840 921 κατασχών
860 836 975 916 ὕπατος
997 840 1048 901 καὶ
1072 836 1157 921 παρὰ
1174 842 1230 900 τοῦ
1252 831 1383 914 δήμου5

49 921 54 938 ’
249 940 475 1026 προόβίβλητο,
496 940 574 1022 μηδ’
593 939 772 1021 άπαντήσας
788 944 830 1018 είς
844 941 900 1025 τήν
917 938 1127 1027 συνάθροισιν,
1148 941 1202 1004 ἵνα
1217 938 1262 1022 μή
1280 941 1359 1023 δοκῇ

247 1039 411 1125 βιάζεσθαι
428 1040 563 1120 τούτους.
614 1046 665 1107 καὶ
682 1043 841 1129 συνάρχων
857 1044 942 1132 αὐτῷ
958 1044 1055 1128 ε’δόθη
1072 1040 1089 1107 ὃ
1108 1042 1239 1118 Κόϊντος
1254 1037 1271 1106 ό
1289 1042 1358 1105 Πί-

250 1149 330 1226 διος,
356 1147 415 1230 εἶ’γε
432 1145 512 1212 οὕτω
529 1147 653 1211 καλέσαι
671 1147 764 1211 αὐτόν
781 1134 860 1212 ἄλλά
875 1148 920 1231 μή
936 1146 1075 1231 ὕπαρχον
1092 1150 1148 1213 δεῖ.

354 1249 445 1315 Οὕτω
463 1249 497 1314 δ’
516 1247 632 1326 ὕπατος
649 1251 783 1334 αἱρεθείς
799 1248 816 1314 ό
831 1253 954 1336 Καῖσαρ
971 1250 1061 1325 τότε
1076 1254 1108 1315 ἐν
1125 1255 1163 1337 τῇ
1179 1243 1265 1311 πόλει
1279 1245 1360 1331 πρὸς

248 1352 284 1418 τό
313 1355 422 1418 δοκοῦν
449 1352 533 1440 αὐτῷ
558 1353 781 1437 κατεστήσατο,
816 1357 867 1419 καί
893 1353 1039 1440 χρήματα
1065 1364 1128 1430 τοῖς
1153 1346 1358 1439 στρατιώταις
1366 1369 1405 1420 ιο

248 1458 432 1541 παρέσχετο,
458 1455 538 1542 λόγῳ
562 1457 618 1538 μὲν
641 1456 774 1537 οἴκοθεν,
799 1457 877 1546 ἔργῳ
894 1458 924 1522 δ’
943 1460 976 1521 ix
994 1465 1055 1523 τών
1070 1458 1188 1533 κοινῶν,
1213 1457 1264 1518 καί
1282 1449 1358 1518 rori-

247 1584 313 1636 τοις
336 1546 428 1645 χάριν
454 1555 612 1643 ὡμολόγει.
663 1560 749 1648 παρά
774 1562 807 1624 δὲ
829 1568 885 1642 τῆς
908 1565 1023 1642 βουλῆς
1047 1562 1131 1648 αι’ντῷ
1156 1558 1254 1622 πολλὰ
1280 1557 1359 1636 πρὸς

247 1661 339 1743 τιμήν
357 1665 590 1747 ίψηηίσθησαν,
624 1661 744 1745 δοκήσει
760 1665 816 1745 μὲν
833 1659 976 1745 ἓκοόσης,
1006 1665 1094 1749 τῇδ’
1115 1657 1358 1749 άληθείρηόβρι

247 1765 438 1847 βεαζομίνης.
489 1765 565 1851 πρὸς
590 1767 624 1829 δὲ
648 1775 711 1842 τοῖς
727 1766 832 1842 ἄλλοις
848 1760 897 1830 καί
915 1769 958 1842 είς
974 1765 1009 1830 τό
1026 1772 1082 1830 τοῦ
1099 1766 1256 1848 Καίσαρος
1272 1763 1360 1846 γε’νος

249 1867 327 1932 κατά
344 1868 382 1932 vri
399 1866 579 1948 νομιζόμενα
596 1868 790 1952 εἰσεποιήθη,
811 1872 862 1933 καί
879 1868 934 1952 τήν
950 1871 1104 1951 ἐπίκλησιν
1120 1869 1252 1953 εἴληφεν.
1278 1861 1404 1930 oiri-15

208 1983 231 2038 B
248 1964 324 2052 μαζε
341 1971 397 2052 μέν
414 1971 473 2057 γὰρ
490 1973 540 2054 καὶ
558 1968 704 2056 πρότερον
722 1971 815 2047 αὐτός
832 1970 940 2037 ἑαυτὸν
957 1973 1119 2056 Καίσαρα,
1146 1968 1188 2046 ὡς
1204 1969 1284 2052 μετὰ
1301 1974 1359 2033 τοῦ

249 2073 364 2158 κλήρου
390 2075 441 2136 καί
468 2073 522 2154 τὴν
547 2077 752 2159 προσηγορίαν
779 2073 1006 2156 διαδεξάμενος,
1038 2075 1074 2139 oei
1097 2075 1198 2154 μίντοι
1221 2073 1359 2153 βεβαίως

250 2179 345 2259 αάτήν
363 2173 421 2258 εἶχε
439 2178 497 2260 πρὸ
515 2181 571 2241 τοῦ
587 2174 699 2260 ταότην
716 2177 795 2242 κατά
806 2179 846 2242 τά
859 2177 971 2262 πάτρια
982 2174 1231 2258 βεβαιώσασθαι.
1255 2175 1358 2240 ἔκτοτε

220 2273 223 2281 ’
250 2281 285 2345 δὲ
301 2278 395 2364 Γάϊος
407 2280 532 2356 Ἰούλιος
549 2282 672 2366 Καῖσαρ
687 2281 886 2362 Ὀκταβιανδς
902 2279 1074 2365 ἐπεκλήθη·
1101 2277 1273 2361 νενόμισται
1297 2277 1359 2364 γὰρ

249 2384 321 2460 roric
341 2383 593 2465 υἷοθετουμίνους
615 2385 670 2466 τήν
690 2385 747 2466 μὲν
768 2384 863 2468 άλλην
884 2381 1053 2471 πρόσρησιν
1071 2384 1131 2448 άπδ
1147 2389 1203 2448 τοῦ
1220 2384 1404 2465 aionem-2⁰
1430 2416 1435 2426 ·

170 2495 177 2506 '
251 2488 389 2570 σαμίνου
402 2483 577 2568 λαμβάνειν,
602 2484 635 2552 (ἓν
653 2489 689 2552 δί
703 2513 731 2552 τι
748 2494 809 2553 τών
825 2488 979 2574 προτίρων
995 2484 1154 2571 ὀνομάτων
1170 2495 1283 2572 τηρεῖν.

353 2589 405 2654 16.
441 2589 523 2654 ’Emi
541 2582 595 2655 οδν
610 2589 682 2666 τοός
698 2617 729 2656 τε
747 2589 936 2677 στρατιώτας
951 2588 1123 2681 ᾠκειώσατο
1141 2592 1191 2654 καί
1208 2591 1264 2672 τήν
1280 2595 1361 2669 βοα-

320 2769 335 2820 l
352 2759 496 2833 ίνεγείριοε
512 2765 637 2834 ABCW,
660 2761 811 2837 ἐνεχείρησε
827 2768 861 2823 Ρ.
940 2767 958 2824 7
974 2761 1131 2838 βιάσασθαι
1146 2768 1181 2822 A.
1257 2766 1292 2823 17
1309 2763 1361 2819 καλ

319 2853 360 2888 om
376 2835 410 2886 B·
513 2835 547 2889 19
564 2829 596 2888 δλ
613 2853 655 2889 om
673 2837 703 2893 C.
808 2839 891 2891 λθεε
910 2838 1071 2895 addADio.

321 2937 495 3061 librilimfi
519 2939 585 3008 Cap.
609 2937 650 2996 16.
687 2937 784 2992 Dionia
801 2937 936 2992 Historiae
955 2939 1094 2992 Romanor
1110 2940 1157 2992 iil.
1175 2939 1211 2993 46
1229 2958 1252 2996 e.
1271 2939 1306 2991 48
1324 2968 1359 2977 —

358 3049 366 3064 .
436 3025 460 3060 ι.
497 3043 505 3059 .

248 3161 288 3215 tui
313 3160 386 3214 urbia
410 3161 483 3215 adito
506 3161 716 3226 interdixerunt,
744 3161 863 3214 civitatis
887 3163 1008 3216 custodia
1032 3163 1199 3232 praetoribus
1225 3162 1359 3216 mandata.

249 3230 296 3284 aed
314 3245 391 3314 quum
409 3232 510 3284 Caesar
527 3232 560 3284 ad
578 3234 667 3284 urbem
686 3231 817 3297 venierat,
848 3233 921 3284 multi
942 3250 977 3290 ex
999 3242 1094 3286 senatu
1110 3240 1139 3285 et
1155 3233 1231 3302 plebe
1249 3231 1281 3284 ad
1299 3249 1360 3284 eun

250 3305 427 3364 transierunt,
453 3307 641 3384 praetoresque
663 3307 693 3353 et
713 3317 742 3352 ee
768 3309 797 3352 et
819 3300 913 3353 militer
937 3302 995 3354 eiua
1018 3302 1079 3354 lidei
1101 3301 1285 3370 permiserunt.
1321 3300 1360 3353 aie

251 3369 317 3421 urbe
334 3369 401 3421 oitra
415 3383 528 3439 pugnam
544 3379 645 3440 potatur
664 3369 752 3422 conoul
771 3370 850 3423 etiarn
868 3387 883 3422 a
900 3373 997 3440 populo
1015 3378 1059 3423 eet
1075 3372 1238 3438 designatur,
1255 3372 1284 3423 in
1295 3388 1361 3422 oon-

251 3438 345 3490 tionem
370 3455 422 3491 non
450 3455 619 3509 progremua,
646 3457 679 3491 ne
703 3438 755 3493 rim
781 3438 878 3492 afferre
901 3440 1003 3493 civibus
1029 3440 1172 3492 videretur.
1207 3440 1310 3509 collega
1335 3439 1361 3492 ei

251 3507 288 3640 (qai
307 3515 398 3628 ἔνθερμα
420 3507 458 3560 ita
481 3509 651 3562 nominandus
682 3516 724 3562 eat
753 3526 785 3562 ao
815 3525 868 3560 nou
898 3508 987 3579 potina
1012 3509 1179 3576 administer)
1208 3511 1286 3562 alatne
1315 3517 1361 3561 eat

158 3624 162 3633 ,
280 3619 287 3632 .
362 3593 411 3630 1115·
1206 3607 1211 3615 ·

243 3631 256 3648 ’
355 3643 454 3698 Consul
475 3646 561 3699 facino
584 3651 680 3698 etatum
699 3645 814 3698 civitatis
830 3645 961 3700 arbitratu
980 3665 1028 3700 auo
1046 3647 1207 3716 composuitr
1231 3646 1360 3700 militibus
1379 3651 1383 3659 '

250 3713 394 3783 pecuniam,
414 3731 491 3784 qoam
510 3733 525 3767 e
542 3714 647 3785 publico
664 3715 836 3784 largiebatur,
854 3733 885 3768 aa
901 3715 933 3768 de
949 3733 998 3769 ouo
1015 3717 1080 3768 dare
1098 3717 1241 3782 aimulavit,
1259 3723 1361 3786 etgra-

250 3783 301 3835 tiao
321 3783 386 3852 egit.
421 3801 437 3838 a
460 3793 553 3838 uenatu
580 3783 651 3838 multi
673 3784 784 3837 honorea
807 3783 846 3836 illi
865 3802 913 3853 per
936 3787 1049 3856 speciem
1068 3788 1285 3851 benevolentiae,
1311 3785 1360 3837 aad
1390 3808 1410 3820 ·-

251 3869 346 3906 revera
363 3857 475 3921 tingente
492 3862 580 3919 metu,
605 3861 666 3905 aunt
683 3852 798 3907 decreti=
822 3862 929 3922 praeter
953 3867 1073 3908 caeteros
1097 3872 1161 3908 vero
1183 3855 1212 3907 in
1233 3853 1362 3911 fanium

251 3921 375 3975 Caesaris
394 3921 488 3974 usitato
507 3921 560 3974 ritu
578 3922 717 3991 adoptator
734 3934 930 3990 cognomentum
946 3924 974 3976 id
991 3926 1105 3993 occepit.
1125 3925 1196 3994 qnod
1213 3924 1265 3977 etsi
1284 3923 1361 3994 priua

251 3992 328 4046 etiam
347 4000 484 4062 usurparet
508 3991 592 4044 veluti
616 4007 667 4042 noa
685 4008 742 4043 oum
762 3991 924 4045 haereditate
941 4003 1091 4063 acceptum,
1118 4010 1171 4046 nen
1187 4003 1274 4068 ομιαε
1292 4011 1359 4046 coa·

249 4069 351 4119 atantm
367 4068 490 4114 tenuerat
508 4059 657 4130 priusquam
677 4077 746 4112 more
763 4060 889 4114 maiorum
906 4064 1082 4116 confirmatum
1102 4069 1182 4116 esset.
1218 4080 1253 4116 ex
1269 4079 1302 4115 eo
1320 4062 1356 4114 0.

249 4131 331 4184 luliua
349 4131 450 4184 Caesar
468 4127 633 4182 Octaviano·
651 4135 693 4182 eat
709 4130 871 4201 appellator:
895 4131 1019 4185 unitatum
1039 4133 1107 4186 enirn
1131 4141 1173 4186 eet
1196 4139 1227 4186 ut
1244 4131 1291 4201 qni
1309 4131 1359 4184 atl-

249 4207 373 4270 optantur
389 4208 495 4254 oaotera
513 4199 615 4252 nomino
632 4196 782 4267 adoptantis
799 4209 945 4268 assumant,
963 4217 1016 4254 uuo
1032 4219 1066 4254 ex
1081 4201 1358 4271 gentilioiiaroteato.

299 4299 302 4304 ·
354 4269 395 4326 16.
430 4269 564 4324 Militibus
586 4267 732 4323 conciliatio
757 4277 903 4364 aen‘atuque
917 4284 1056 4358 ‚oporam
1073 4278 1185 4340 paterna
1201 4269 1291 4342 letata
1308 4287 1359 4341 po·

236 4422 240 4432 ’
306 4429 314 4460 l
