3050 4809
486 235 701 344 mulum
731 278 800 344 κα
829 278 894 345 25..
1167 278 1243 347 σοι

235 446 287 511 25.
339 438 445 523 Αὖθις
468 450 501 512 δὲ
523 445 609 533 ἑτέρα
634 448 714 512 κατὰ
730 454 785 513 τοῦ
804 450 833 509 Γ
831 446 954 529 αλιήνσυ
973 445 1177 527 ἐπανάστασις
1193 454 1243 535 γέ-

135 574 229 633 γονεν,
252 548 292 631 ἣν
315 550 470 634 Αδριόλος
495 546 711 633 συνεστήσατο,
741 546 842 631 πόσης
865 548 967 634 ἅρχων
992 558 1047 635 τῆς
1069 555 1165 617 ἵππου
1192 558 1241 619 καὶ
1257 568 1282 620 D

134 653 213 735 μέγα
230 649 406 733 δυνάμενος.
442 652 477 729 ὃς
493 654 548 736 τὴν
565 652 653 718 πόλιν
669 654 708 717 sd
726 650 909 717 Μεδιόλανα
927 654 1096 735 κατασχών,
1119 653 1243 739 ἕτοιμό-

137 757 201 833 ζετο
218 760 370 836 συμμῖξαι
387 761 431 842 τρῖ
451 762 582 837 βασιλεῖ.
628 755 735 820 stede
757 756 792 820 δέ
816 754 951 830 κάκεῖνος
974 756 1050 835 μετδ
1075 758 1243 846 δυνάμεως,

112 860 187 922 ἕνκαὶ
204 864 249 943 τῷ
265 866 460 943 τυραννοῦντι
477 855 727 939 ἀντιταξόμενος,
753 856 885 933 πολλοὺς
909 864 968 921 τῶν
992 857 1076 944 αὐτῷ
1093 860 1244 927 συνόντων

137 961 320 1045 διέφθειρεν.
360 959 411 1025 dre
428 958 512 1025 καλό
530 962 687 1045 Αὐριόλος
703 958 825 1046 ἐτρώθη
843 963 892 1024 καὶ
911 964 953 1036 εές
970 960 1152 1027 Μεδιόλανα
1171 990 1244 1029 κατ-

137 1050 288 1143 εκλείσθη,
311 1062 396 1148 παρὰ
412 1070 467 1127 τοῦ
482 1065 634 1144 βασιλέως
650 1066 742 1128 ἐκεῖσε
760 1050 1025 1148 πολιορκούμενος.Ι
1056 1072 1112 1129 τοῦ
1129 1065 1162 1129 δὲ
1179 1069 1210 1127 Γ
1207 1092 1244 1130 α-

136 1162 241 1246 λιήνου
263 1166 453 1250 ἐπεκδρομδς
475 1167 656 1248 ποιουμένου
672 1164 751 1231 κατά
769 1191 853 1241 τινας
869 1172 929 1230 τιῦν
945 1167 1106 1247 πολεμίων,
1132 1170 1164 1231 έν
1180 1176 1242 1231 καὶ·

112 1265 218 1355 -δόνῳ
244 1269 317 1331 ποτέ
340 1271 458 1352 γέγονεν
481 1265 502 1351 ἧ
523 1271 707 1350 βασίλισσα·
734 1276 832 1351 συνῆν
852 1268 910 1354 γὰρ
936 1270 1030 1355 αὐτῷ.
1081 1266 1122 1346 ὡς
1144 1268 1202 1354 γὰρ
1229 1268 1245 1335 ὃ

92 1370 283 1450 loscumbe
298 1370 479 1457 ἐπεξέδραμε
495 1370 573 1452 μετὰ
589 1380 650 1435 τῶν
666 1368 812 1436 πλειόνων
829 1374 1033 1455 στρατιωτῶν,
1055 1371 1148 1455 ὀλίγον
1166 1371 1247 1437 πάνυ

136 1474 394 1557 περιελείφθησαν
409 1477 476 1556 περὶ
492 1474 527 1537 τό
543 1471 726 1559 χαράκωμα.
766 1472 839 1558 ὅπερ
858 1473 887 1537 oi
904 1475 1040 1555 πολέμιοι
1058 1474 1245 1558 θεασόμενοι

137 1575 275 1654 ἐπῆλθον
291 1581 330 1659 τῇ
345 1581 401 1638 τοῦ
416 1576 566 1654 βασιλέως
581 1572 854 1660 σκηιςῆ,“ἆρπόσαι
880 1575 1088 1658 διανοούμενοι
1113 1580 1168 1661 τὴν
1183 1585 1245 1659 βα-

138 1680 285 1740 σιλισσαν.
312 1672 356 1751 εἷς
373 1677 408 1740 δέ
422 1704 468 1753 τις
484 1684 544 1742 τῶν
560 1679 756 1759 ἠμελημένων
772 1685 966 1761 στρατιωτῶν
985 1679 1043 1763 πρό
1062 1687 1116 1759 τῆς
1133 1688 1248 1765 σκηνῆς

138 1776 311 1861 καθήμενος
333 1782 384 1843 καὶ
407 1779 443 1843 τδ
467 1783 576 1844 οἰκεῖον
597 1776 742 1863 ὑπόδημα
759 1785 815 1843 τοῦ
831 1780 925 1857 ποδός
942 1780 1079 1862 ἐκβαλὼν
1096 1785 1245 1870 συνέρρα-
1260 1794 1371 1851 alost

91 1890 131 1943 15
140 1906 212 1946 πτεν
229 1879 315 1945 αὐτό.
367 1877 408 1957 αἰς
425 1873 480 1945 σόν
496 1880 555 1946 εἶδε
574 1882 647 1958 τοδς
664 1884 825 1964 πολεμίους
841 1885 1077 1969 ἐπερχομένους,
1104 1883 1246 1970 ἁρπάσας

114 2066 119 2071 ⁸
138 1983 253 2048 ἀσπίδα
269 1986 320 2047 καὶ
337 1984 511 2067 ἐγχειρίδιον
528 1982 707 2069 περιθύμους
724 1984 845 2069 ὥρμησε
865 1986 934 2051 κατ’
945 1988 1064 2061 αὐτῶν.
1097 1993 1148 2053 καὶ
1167 1987 1245 2072 πλή-

137 2086 271 2161 ξαςένα
298 2089 348 2149 καὶ
375 2084 525 2172 δεύτερον,
552 2088 681 2168 ἀνέκοψτ
709 2089 781 2163 τοὺς
807 2090 931 2165 λοιπσδς
960 2090 1245 2168 ἀποδεδειλιακότας

138 2187 214 2274 πρός
231 2187 285 2271 τὴν
302 2190 414 2253 ἐκείνου
432 2187 540 2274 ὁρμήν.
566 2192 616 2252 καὶ
635 2189 715 2253 οὕτω
731 2188 876 2252 πλειόνων
893 2190 1130 2277 συνδραμόντων
1148 2220 1245 2280 στρα-

137 2297 252 2356 τιωτῶν
267 2288 288 2373 ἧ
305 2299 360 2355 τοῦ
376 2292 527 2372 βασιλέως
544 2290 730 2355 δαισέσωστο
747 2289 875 2372 γαμετή.

89 2409 131 2460 20
232 2393 299 2457 Ἔτι
317 2395 350 2456 δέ
367 2398 597 2477 πολιορκοῦντος
614 2398 669 2456 τοῦ
682 2392 833 2471 βασιλέως
849 2390 887 2455 τὰ
905 2388 1103 2471 Μεδιόλανα,
1133 2394 1259 2481 Αδρη-·

138 2494 240 2568 λιανδς
262 2494 318 2558 oin
342 2494 463 2559 ἱππεῦσι
487 2500 663 2577 προσῆλθεν
686 2495 783 2581 αὐτῷ·
810 2494 887 2575 μεθ’
915 2485 951 2558 οὗ
974 2495 1087 2559 ἀνελεῖν
1104 2496 1197 2561 αὐτὸν
1214 2498 1243 2561 ol

135 2604 311 2679 μεγιστᾶνες
337 2596 635 2680 προεβουλεόσαντο,
677 2592 888 2677 δπερετῖθεντσ
919 2598 952 2660 δὲ
979 2597 1012 2661 τὸ
1040 2599 1160 2685 σκέμμα
1188 2602 1244 2676 ἕως

137 2697 234 2787 diogiae
258 2698 296 2764 τὰ
320 2697 511 2763 Μιδιόλανα.
562 2697 716 2781 μαθόντες
732 2698 764 2761 δ’
785 2700 938 2781 ἐγνῶσθαι
957 2700 990 2764 τὸ
1009 2708 1096 2786 σιμῦν
1115 2700 1242 2782 διαβρό-

206 2910 334 3033 βτιέας]
352 2929 436 2965 τινων
455 2911 536 2969 ABG.
653 2913 686 2965 10
702 2910 758 2963 reis
775 2928 816 2963 orn
834 2912 864 2964 Α.
958 2912 1013 2995 ,Ἡ
1033 2906 1141 2965 ἀνελεῖν
1159 2904 1245 2966 αὐτόν

206 2998 247 3035 σω
292 3018 300 3035 .

241 3117 368 3171 Faunus.
407 3121 474 3186 Cep,
489 3118 534 3171 nt.
571 3118 698 3169 Furtum
720 3117 770 3168 Dio
795 3117 980 3171 continuatus.
1019 3115 1129 3168 Eusebii
1154 3117 1245 3171 Huiu-

208 3186 266 3237 τόσα
280 3188 474 3241 ecclesiasticae
493 3188 538 3241 n‘t.
556 3184 572 3241 7
592 3206 614 3240 c.
632 3184 666 3239 27
677 3215 710 3223 —
723 3185 767 3244 30.

240 3372 285 3425 25.
309 3372 410 3426 Deinde
428 3373 556 3425 Aureolus
574 3375 624 3427 toti
640 3372 772 3442 equitatui
790 3372 951 3441 praefectus,
969 3370 1042 3423 bomo
1061 3378 1164 3441 potens,
1182 3384 1246 3427 cun-

137 3451 181 3493 tra
198 3441 347 3495 Gallienum
364 3442 520 3507 insurrexit,
546 3448 573 3493 et
594 3441 743 3495 Mediolano
761 3448 889 3510 occupato
907 3457 936 3490 sc
954 3439 987 3491 ad
1006 3442 1180 3505 invadendum
1198 3445 1246 3497 im—

157 3521 286 3563 cretorem
305 3510 419 3580 paravit.
438 3510 484 3561 sed
502 3513 534 3562 ab
552 3528 594 3577 eo,
611 3512 699 3563 unitis
715 3528 819 3564 suorum
838 3505 939 3560 amissis
957 3516 986 3561 et
1002 3509 1109 3561 vulnere
1127 3520 1245 3580 accepto,

137 3530 315 3632 ideoidanum
333 3581 481 3647 compulsus
498 3580 589 3647 ibique
605 3582 729 3633 obsessus
747 3588 797 3632 est.
834 3580 893 3629 doru
916 3584 1001 3629 autern
1022 3578 1158 3631 Gallienus
1184 3598 1246 3633 een-

139 3658 183 3699 tra
206 3649 293 3701 bostes
319 3648 487 3701 excursiones
511 3649 590 3714 iacit,
616 3650 788 3717 imperatrix,
816 3662 892 3715 quam
914 3663 1002 3698 secum
1029 3647 1190 3713 adduxerat,
1218 3649 1245 3703 iu

140 3715 257 3783 periculo
270 3718 331 3769 luit.
349 3735 408 3769 nam
426 3734 483 3769 cum
501 3719 588 3770 hostes
606 3719 699 3770 vallum
719 3734 734 3769 s
752 3716 842 3785 paucis
861 3716 997 3767 admodum
1015 3716 1139 3769 militibus
1156 3728 1246 3771 custo-

140 3783 192 3835 diri
207 3785 469 3852 animadvertissent,
492 3787 656 3855 imperatoris
673 3786 870 3839 tabernaculum
888 3784 1054 3851 invaserunt,
1072 3786 1247 3857 imperatricis

138 3853 283 3921 rapiendae
306 3872 394 3907 cauea.
428 3856 475 3907 sed
501 3857 573 3909 miles
596 3856 702 3924 quidam
726 3854 882 3922 gregarius,
909 3852 953 3921 qui
972 3862 1033 3906 ante
1051 3856 1246 3908 tabernaculum

140 3924 236 3977 sedens
253 3923 366 3975 calceum
385 3925 452 3993 pede
468 3925 614 3977 detractum
631 3926 798 3987 consuebat,
811 3930 918 3990 arrepto
938 3922 1022 3993 clipeo
1040 3932 1067 3977 et
1085 3924 1201 3993 pugione
1218 3924 1245 3975 in

139 4009 186 4045 ees
204 3992 329 4045 ferociter
346 3993 431 4057 irruit,
453 4002 549 4045 etune
567 4004 647 4063 atque
664 3996 747 4046 altero
767 4008 892 4062 percusso
911 4003 1031 4044 caeterea
1048 3994 1118 4045 illius
1136 3992 1246 4045 audacia

140 4062 248 4115 territes
265 4062 397 4129 reppulit,
415 4064 473 4115 duro
492 4062 602 4131 plurium
620 4080 749 4115 concursu
767 4061 881 4114 coniunx
898 4061 1064 4129 imperatoris
1082 4068 1172 4127 erepta
1191 4070 1240 4113 eet.

245 4131 368 4185 Gallieno
385 4131 574 4185 Mediolanum·
589 4131 675 4184 adbuc
700 4131 839 4183 obsidente
854 4129 1009 4183 Aurelianus
1036 4146 1091 4181 curn
1117 4130 1249 4197 equitibus

142 4198 175 4251 ad
199 4217 256 4255 enm
280 4202 368 4254 venit:
394 4201 467 4254 cuius
491 4200 626 4253 occidendi
651 4200 783 4253 consilium
808 4216 931 4269 proceres
954 4216 1010 4251 cum
1033 4198 1174 4249 Aureliano
1196 4197 1247 4249 ini·

141 4277 214 4363 tum,
226 4270 286 4325 dum
303 4270 478 4325 Mediolanum
496 4277 652 4341 caperetur,
676 4268 783 4323 dllierre
800 4270 930 4322 habebant
947 4268 974 4321 in
992 4268 1088 4323 auimo.
1125 4268 1171 4320 sed
1189 4284 1247 4321 cum
