3050 4809
518 242 734 310 Auusuuu
758 244 813 310 xl
836 244 892 311 23.
1162 242 1239 313 517

131 414 180 484 καλ
204 414 360 483 ἐδίδασκεν
384 410 461 500 άπερ
486 409 546 479 έδει
569 424 674 479 ποιεῖν.
725 416 778 477 καλ
801 415 873 492 τοδς
893 414 950 497 μέν
973 414 1081 499 ἐτίμα,
1105 414 1179 492 τούς
1203 417 1239 481 δέ

131 504 298 599 ἐνουθέτει,
322 520 374 583 καὶ
399 518 523 603 διῃτᾶτο
547 514 759 605 σκληρότερον,
782 516 827 581 i'v'
856 514 938 605 δρῴη
961 519 996 585 τδ
1020 520 1238 604 στρατιωτικόν
1330 524 1339 531 ’

131 621 240 701 αύτόν,
273 624 324 687 καλ
350 616 431 685 usluto
455 623 637 686 διαιτᾶσθαι
660 621 780 685 κάκεῖνο
804 621 946 699 ἐθίζοιτο.
995 624 1137 689 {nedum
1165 622 1239 699 τούς

131 722 320 814 στρατιώτας
335 720 493 799 τοιούτους
508 725 645 807 ἐποίησεν
662 720 704 801 ὡς
720 725 771 789 καλ
789 722 924 789 ἱπποτῶν
946 723 1017 806 ἰλην
1040 723 1096 791 σύν
1117 750 1151 810 γε
1173 735 1239 803 τοῖς

108 828 237 906 σδπλοις
258 828 311 894 τὸν
328 826 447 910 Ἴστρον
472 824 614 913 εύμαρῶς
638 824 863 910 διανήξασθαι,
888 829 940 891 καλ
963 826 1036 902 τούς
1059 825 1239 915 βαρβάρους

130 932 227 999 ’ταῦθ’
247 928 383 1018 δρῶντας
398 926 636 1013 ἐκπλήττεσθαι,
663 928 740 996 ὥστε
757 933 808 994 καλ
822 934 965 1017 χρᾶσθαι
982 932 1150 1015 διαλλακτῇ
1166 932 1239 995 τού-

129 1062 173 1125 τῳ
190 1042 235 1123 τῷ
252 1031 453 1119 αὐτοκράτορι
471 1032 524 1119 ἐφ’
543 1028 589 1109 οἷς
605 1030 750 1117 ἀλλήλοις
766 1033 1023 1117 ἐκπεπολέμιοντο.
1074 1032 1239 1112 ἐσπούδαζε

130 1142 166 1205 δέ
181 1140 233 1203 καί
250 1140 318 1223 περὶ
336 1133 455 1223 θύρας,
481 1132 523 1212 ὡς
539 1137 572 1200 ἐν
591 1134 718 1213 ταύταις
735 1136 790 1201 καί
809 1133 878 1200 τινά
901 1136 931 1200 ol
947 1137 1025 1218 μέλη
1041 1142 1278 1220 κατεαγῆναι·0

130 1244 183 1306 καί
201 1242 233 1306 ἐν
249 1242 360 1330 Μυσίῳ
377 1235 466 1304 πόλιν
482 1237 590 1326 η’ίκισεν
602 1238 764 1325 Ἀδριανοῦ
780 1237 885 1324 θήρας
901 1240 1032 1314 καλέσας
1048 1236 1155 1320 αύτήν.
1199 1242 1241 1314 είς

91 1344 291 1429 1οΑίηυπτσν
313 1344 346 1407 δέ
364 1340 461 1407 άπιιδν
484 1344 535 1407 καλ
558 1347 603 1429 τῳ
624 1341 715 1429 τάφῳ
738 1344 907 1425 Πομπηΐου
925 1338 1061 1425 Μάγνου
1085 1343 1242 1428 διεφθαρ-

128 1449 212 1535 μένῳ
223 1442 401 1532 περιτυχών,
419 1447 470 1508 καὶ
483 1441 599 1528 ἐνήγισε
613 1450 657 1531 τῷ
673 1446 799 1531 κειμένῳ
815 1447 866 1509 καλ
883 1445 968 1511 τοῦτ’
989 1440 1102 1509 είπειτδ
1121 1444 1192 1521 ἐπος

284 1553 328 1636 τῳ
347 1555 433 1622 ναοῖς
447 1550 590 1631 βρίθοντι
607 1543 688 1630 πόση
706 1545 814 1622 σπάνις
830 1546 935 1612 ἐπλετο
952 1545 1071 1631 τύμβου

130 1654 183 1718 καλ
200 1651 235 1716 τδ
254 1655 362 1731 μνῆμα
379 1646 622 1736 ἀνῳκοδόμησεν.
1236 1726 1241 1732 ,

232 1754 284 1817 Ἐν
298 1753 331 1816 δέ
341 1754 536 1839 Παλαιστίνῃ
553 1752 641 1816 πόλιν
658 1750 864 1837 οίκοδομήσας
880 1752 946 1818 deul
965 1759 1021 1836 τῆς
1037 1754 1243 1838 κατασκαφεί-

90 1869 192 1941 15σης
202 1852 420 1941 Ἰερουσαλήμ,
432 1858 552 1921 -Αίλίαν
569 1858 786 1921 Καπιτωλίναν
800 1854 956 1938 ὠνόμασε·
973 1860 1024 1921 καὶ
1042 1855 1119 1921 ἔνθα
1137 1853 1243 1938 πριύην

133 1958 151 2026 ὃ
175 1965 231 2025 τοῦ
255 1963 331 2023 θεοῦ
357 1958 432 2033 νειδς
451 1961 576 2045 ἵδρυτο,
610 1965 653 2047 τῷ
671 1958 726 2021 Διί
749 1960 872 2051 ρέμενος
896 1957 1106 2045 ἀνθιδρύσατο
1131 1959 1243 2044 ἕτερον.

129 2063 272 2129 Ἰουδαῖοι
290 2062 323 2125 δέ
338 2060 382 2143 μὴ
401 2062 543 2147 φέροντες
558 2068 614 2145 τῆς
630 2068 718 2147 σφῶν
735 2060 1011 2148 παραπολαύσντας
1026 2060 1244 2148 μητροπόλεως
1260 2079 1300 2149 υ,

131 2165 246 2240 ἄλλους
262 2160 338 2250 δρᾶν
355 2162 509 2247 (Ἕλληνες
524 2163 584 2247 γάρ
604 2166 635 2228 ἐν
653 2162 733 2247 αὐτῇ
748 2167 997 2249 κατῳκίσθησαν)
1015 2166 1094 2245 μηδέ
1111 2166 1244 2239 ξενικούς
1294 2156 1316 2198 ”

131 2272 286 2351 τιμᾶσθαι
302 2265 396 2342 θεούς
413 2267 445 2330 ἐν
462 2266 540 2351 αὐτῇ
558 2263 749 2346 ἀνεχόμενοι,
776 2266 833 2340 tog
848 2267 905 2346 μέν
923 2264 1082 2350 Ἀδριανός
1104 2264 1189 2350 παρά
1211 2290 1245 2329 τε

90 2372 172 2459 λθτῇ
197 2366 347 2455 Αἰγύπτῳ
372 2370 423 2432 καὶ
447 2374 484 2453 τῇ
509 2369 609 2457 Συρίην
633 2367 792 2451 διέτριβεν,
824 2364 959 2451 ἠρέμουν
984 2364 1244 2447 διευλαβούμενον,

132 2474 196 2538 ἐπεὶ
215 2472 246 2535 δ’
267 2473 383 2534 ἐκεῖθεν
399 2470 538 2552 ἀπῆλθε,
551 2466 600 2551 ,τά
618 2494 648 2533 τε
665 2472 721 2551 τῆς
733 2465 840 2555 χιύρας
856 2469 997 2554 ἐπίκαιρα
1013 2465 1255 2561 κατελάμβανονι
1291 2478 1308 2495 ”’

129 2574 176 2643 ’ἐν’
196 2574 292 2659 ἔχοιεν
308 2570 393 2636 αὐτά
405 2568 580 2659 ὁρμητήρια
587 2620 598 2652 ,
632 2574 684 2635 καὶ
701 2571 800 2635 πολλὰ
816 2571 888 2648 τοδς
900 2568 1071 2653 Ῥωμαίους
1087 2567 1245 2637 ἐκάκωσαν

202 2735 221 2790 3
238 2728 384 2795 τοιούτους
398 2728 466 2795 τούς
481 2728 651 2801 στρατεύσας
666 2732 699 2785 Α.
802 2731 820 2787 7
837 2740 898 2803 post
915 2726 1083 2800 άλλήλοιςλ
1102 2731 1154 2785 add
1171 2731 1244 2794 ίσας.

204 2806 238 2863 ll
256 2801 306 2865 καλ
325 2804 397 2874 prius
416 2808 443 2859 et
459 2804 500 2875 τῷ
515 2798 631 2871 κειμένῳ
649 2801 699 2855 edd
717 2800 775 2854 Ac.
872 2796 980 2925 ίιηίμσε
996 2802 1052 2867 ΑΒ,
1070 2797 1119 2869 ἐνή
1153 2817 1193 2853 tce
1211 2804 1244 2867 c,

204 2866 264 2997 ἱρήΙ
290 2872 404 2995 ορνΡέί.
524 2871 559 2927 19
575 2868 748 2943 τιμωμένους
763 2870 797 2929 λ.
918 2864 1024 2943 ναύτη·
1040 2871 1065 2924 Α
1082 2871 1136 2943 Χὶρ
1156 2871 1260 2941 illuns?

235 2960 261 2997 ει
336 2978 345 2996 .

134 3081 231 3138 milites
248 3083 389 3136 exercebat
405 3079 510 3150 siquid
529 3080 657 3149 egendum
674 3084 746 3134 esset
764 3078 902 3135 edocebat.
922 3079 989 3133 alios
1002 3080 1160 3146 honorabat,
1177 3077 1245 3132 alios

134 3152 294 3221 castigabat.
328 3151 448 3221 asperius
466 3151 568 3219 etipse
587 3150 703 3215 vivebat,
722 3156 753 3202 ut
770 3167 818 3202 suo
836 3167 909 3204 exeun
928 3150 954 3202 io
972 3150 1067 3202 milites
1084 3149 1119 3202 ud
1136 3149 1245 3203 eundem

135 3223 223 3274 victus
238 3220 367 3273 rationem
384 3219 572 3271 assuefaceret.
608 3236 640 3270 eo
662 3226 739 3287 pacto
765 3219 860 3271 milites
884 3169 953 3285 tales
980 3218 1088 3285 effecit,
1112 3228 1142 3270 ut
1158 3227 1245 3271 turmo

135 3290 252 3359 equitum
270 3291 366 3342 Istrum
385 3288 413 3339 in
431 3286 509 3338 ermis
528 3286 605 3338 focile
623 3294 752 3341 transcat.
775 3303 828 3356 quo
846 3286 996 3359 spectaculo
1014 3287 1120 3339 attoniti
1137 3288 1246 3340 barbari

135 3360 162 3412 ei
180 3359 317 3425 arbitrium
335 3356 490 3409 deferebant
507 3357 744 3411 controversiarum
764 3357 798 3409 ob
815 3374 882 3426 quas
899 3353 968 3409 bella
984 3357 1095 3409 interae
1107 3358 1245 3425 gerebant.

135 3429 189 3481 fuit
206 3428 283 3480 etiem
300 3425 436 3478 venationi
454 3424 571 3476 dedituss
588 3422 617 3479 in
634 3442 687 3495 qus
704 3427 818 3479 membra
835 3426 870 3478 uli
889 3432 937 3477 uot
953 3424 1048 3494 fregit:
1067 3434 1096 3478 et
1110 3427 1137 3477 in
1155 3424 1246 3493 Mysia

134 3500 227 3550 urbem
253 3494 370 3547 condidit
392 3510 468 3562 quum
484 3493 614 3547 Hadriani
635 3496 790 3549 venationes
813 3511 847 3564 ap
871 3443 967 3548 licvit.
1001 3512 1059 3547 cum
1076 3496 1103 3547 in
1122 3495 1245 3564 Aegypto

135 3562 255 3632 Pompeii
273 3562 363 3631 Magni
377 3563 523 3635 sejsulcrum
543 3563 684 3634 collapsum
700 3565 829 3631 vidisset,
866 3563 974 3616 eiunoto
992 3572 1022 3617 ut
1038 3564 1112 3617 heroi
1129 3564 1275 3617 immola-'i

136 3636 188 3701 vit,
205 3638 235 3685 et
251 3632 301 3684 hoc
317 3646 396 3683 versu
410 3631 580 3700 pronuntiato
629 3638 631 3643 '

300 3716 384 3769 paene
403 3708 476 3753 curet
491 3702 590 3755 tumulo
608 3702 651 3755 eui
667 3706 709 3755 tot
726 3700 801 3755 modo
818 3700 918 3769 ampla
933 3700 1042 3753 fuerunt

134 3776 326 3825 monumentum
344 3770 512 3823 instauravit.
1299 3814 1305 3835 2

241 3839 340 3892 Urbem
361 3840 389 3892 in
406 3838 557 3892 Palaestina
577 3855 625 3909 pro
648 3839 749 3892 aversis
773 3838 968 3906 Hierosolymis
992 3838 1124 3892 conditam
1145 3836 1246 3891 Aeliam
1269 3829 1297 3859 ·’

136 3906 312 3979 Capitolinam
329 3908 488 3973 nominavit3
513 3914 541 3961 et
563 3924 614 3978 quo
638 3907 665 3960 in
680 3906 741 3961 'loco
760 3908 803 3960 dei
818 3908 942 3979 templum
959 3906 1020 3962 oiim
1037 3910 1143 3973 iuerat,
1169 3923 1201 3958 eo
1219 3906 1248 3957 in

135 3979 195 4033 loco
213 3987 275 4048 post
291 3977 363 4030 lovis
379 3977 514 4031 delubrum
531 3976 659 4031 condidit.
692 3976 785 4031 Iudaei
802 3994 867 4031 vero
884 3994 941 4030 oum
959 3994 1031 4031 suom
1048 3975 1212 4045 metropolin
1229 3992 1246 4026 e

100 4084 105 4096 .
135 4049 246 4101 Graecis
270 4046 426 4116 alienigenis
449 4046 529 4099 incoli
546 4054 575 4100 ot
593 4047 747 4117 peregriua
770 4048 798 4100 iu
821 4064 855 4099 eo
878 4047 941 4099 deos
958 4048 1009 4099 coli
1026 4048 1097 4098 ierre
1114 4060 1166 4095 nou
1184 4058 1246 4111 pos-

135 4123 213 4185 sent,
240 4118 301 4175 dum
325 4115 478 4171 Hadrianus
505 4116 577 4169 eirea
599 4116 748 4189 Aegyptum
780 4122 810 4169 et
837 4116 944 4183 Syriam
971 4116 1139 4179 efflabatur,
1173 4118 1245 4163 metu

135 4186 322 4254 quiescebant:
348 4186 395 4239 sed
414 4202 472 4239 cum
489 4185 551 4237 inde
568 4179 747 4255 δλεοοεσλτέόῑ,
774 4186 931 4256 opportunis
948 4183 1065 4267 regionis
1087 4181 1151 4234 locis
1168 4194 1249 4232 occu·-

134 4256 205 4325 putis
223 4274 276 4328 quo
293 4272 323 4311 su
339 4258 368 4311 in
386 4262 473 4311 tutum
490 4254 653 4329 reciperent,
678 4256 758 4312 multu
775 4255 901 4312 Rouauis
918 4254 1075 4309 detnmeutu
1091 4257 1120 4304 et
1136 4248 1200 4305 σλααι
1218 4257 1246 4307 ot
