3050 4809
543 261 758 328 ANNALIUM
784 264 819 329 X
845 203 895 334 λθ.
1195 263 1271 336 377

171 459 228 516 ριν,
253 424 294 508 είς
317 430 373 515 τὴν
394 427 529 498 Ἐλλάδα
553 427 645 498 πάλιν
668 431 849 512 ἀνέπλευσε,
871 430 1141 523 προφασισάμενας
1156 436 1196 504 td
1212 443 1274 506 τῶν

169 533 309 622 Πάρθων
326 532 368 611 ιός
384 538 606 622 κατεπείγοντα.
655 593 658 603 .

181 679 187 690 ,
263 635 301 704 ‘0
318 640 353 703 δέ
369 640 479 717 Σέξτος
496 634 729 725 προθυμότερον
746 635 842 720 είχετο
858 643 920 700 τῶν
936 639 1132 724 πραγμάτων,
1158 645 1211 708 καλ
1234 644 1274 729 τῇ
1284 657 1320 708 W
1331 654 1360 710 11
1370 658 1422 712 ltb

165 741 273 832 Ἰταλίρ
291 741 420 820 έπέπλει,
437 745 487 821 καί
505 743 602 807 πολλὰ
620 743 675 824 μέν
692 739 813 819 έκάκου,
831 740 868 806 οὗ
884 742 959 822 μείω
976 743 1010 806 δὲ
1027 745 1077 808 καί
1095 745 1272 830 ἀντέπασχε.

143 847 215 925 brui
240 853 420 927 ναυμαχιῶν
449 847 482 910 δὲ
507 851 667 931 γεγονυιῶν
694 845 723 911 οἲ
749 851 804 909 τοῦ
832 844 945 921 Σίξτου
971 850 1089 927 μᾶλλον
1115 846 1272 935 ἐκράτουν,

163 953 284 1014 πολλῶν
299 949 354 1029 μὲν
371 956 450 1032 νηῶν
467 956 523 1016 τοῦ
540 951 699 1034 Καίσαρος
719 950 772 1040 καί
796 949 828 1011 έν
851 957 925 1028 ταῖςΙ
937 950 1126 1031 ναυμαχίαιςι
1138 957 1273 1038 φθαρει-

165 1056 235 1129 σῶν,
262 1057 390 1116 πολλῶν·
401 1053 434 1118 δὲ
452 1055 502 1118 καί
519 1049 578 1118 ὑπὸ
595 1054 704 1134 βιαίων
720 1047 901 1133 πνευμάτων
918 1054 1170 1130 κινάυνευσασῶν,
1196 1055 1272 1122 ὥστε

162 1153 215 1218 τόν
233 1156 380 1240 Καίσαρα
404 1154 591 1238 βουλόμενον
609 1160 651 1231 είς
668 1157 809 1221 Σικελίαν
834 1155 977 1235 ἐμβαλεῖν
999 1162 1089 1220 τοῦτο
1114 1159 1169 1238 μὲν
1186 1157 1273 1224 ’ἀπο-

52 1257 55 1268 '
162 1265 291 1340 γνῶναι,
315 1265 369 1340 τῆς
391 1262 425 1324 δέ
448 1260 709 1346 παραθαλασσίας
733 1259 858 1344 ἠπείρου
881 1258 937 1340 τὴν
960 1258 1100 1343 φυλακὴν
1117 1267 1311 1326 ποιεῖσθαιί)

125 1373 156 1428 10
166 1361 337 1446 ἀγαπητῶς.
389 1359 409 1452 όΙ
422 1363 532 1440 Σέξτος
555 1360 587 1426 d'
614 1362 656 1426 ἔτι
681 1366 799 1442 μᾶλλον
817 1358 922 1446 ἤρθη,
947 1364 998 1425 καί
1022 1361 1113 1440 αὐτὸς
1134 1364 1192 1444 μὲν
1216 1366 1272 1445 τὴν
1375 1385 1379 1392 “

159 1465 289 1540 Ἰταλίαν
306 1463 434 1547 ἐκάκου,
469 1469 511 1540 είς
529 1467 562 1529 δὲ
573 1465 634 1546 ,τὴν
650 1463 779 1547 Λιβύην,
795 1462 847 1528 τὸν
859 1461 1089 1549 Ἀπολλοφάνην
1106 1464 1271 1534 ἀπέστειλε.

163 1571 288 1652 Καῖσαρ
306 1568 409 1650 μέντοι
427 1565 519 1632 πλοῖά
535 1593 566 1633 τε
584 1565 682 1630 πολλά
700 1563 859 1649 έναυπήγει
876 1569 925 1630 καὶ
943 1570 1048 1653 ε’ρέτοις
1065 1571 1149 1654 παρά
1165 1593 1196 1634 τε
1211 1579 1271 1637 τῶν

161 1677 336 1752 βουλευτῶν
359 1673 410 1735 καὶ
433 1678 494 1736 τῶν
518 1670 630 1736 ἲππέων
654 1672 705 1734 καί
722 1675 783 1734 τῶν
793 1672 942 1752 Ιδημοτῶν
959 1672 1122 1756 συνέλεγεν,
1147 1668 1273 1752 όπλίτας

160 1801 193 1840 τε
207 1774 379 1858 κατελέγετο
397 1776 447 1838 καλ
461 1771 606 1860 χρήματα
623 1769 817 1855 πανταχόθεν
833 1771 1030 1860 συνήθροὶζε·
1048 1777 1098 1838 καί
1112 1774 1205 1852 αὐτὸς
1215 1778 1272 1857 μέν

120 1874 201 1942 isui
219 1901 251 1941 τε
268 1879 300 1940 έν
318 1883 357 1962 τῇ
370 1877 482 1966 Ἰταλίᾳ
498 1880 549 1942 καλ
565 1877 605 1942 τὰ
623 1877 654 1940 έν
671 1883 708 1962 τῇ
726 1877 757 1938 Γ
754 1876 865 1967 αλατίρ
881 1876 1025 1955 διέταττε,
1039 1884 1085 1965 τῷ
1103 1880 1137 1944 δέ
1149 1878 1271 1964 Ἀγρίπ-

161 2006 206 2072 πρι
229 1979 284 2062 τὴν
307 1987 362 2045 τοῦ
384 1985 526 2045 ναυτικοῦ
551 1974 746 2066 παρασκευὴν
769 1979 936 2066 ἐγχειρίσας
958 1983 1122 2065 ίκπονῆσαι
1146 1984 1197 2046 καὶ
1222 1986 1271 2078 έξι-

159 2088 293 2164 ασκῆσαι
310 2090 399 2150 τοῦτο
417 2085 561 2149 έκέλευσε.
612 2085 663 2146 καί
687 2081 721 2158 ὃς
747 2079 804 2158 τάς
830 2108 863 2148 τε
890 2089 964 2160 ναῦς
990 2087 1041 2148 καί
1067 2085 1140 2161 τους
1166 2087 1271 2171 έρέτας

62 2271 72 2286 ⁵
158 2185 307 2272 ἤθροισε,
327 2189 383 2252 ,καί
407 2187 462 2265 τάς
484 2187 540 2268 μέν
562 2188 768 2272 κατέφραττε,
794 2183 866 2261 νοός
888 2185 920 2248 d'
946 2186 997 2250 ἐπ’
1023 2188 1126 2272 ἰκρίων
1142 2189 1269 2274 ίρέττειν

158 2288 255 2372 ἤσκει.
948 2302 953 2312 “

111 2403 153 2458 λθ
269 2391 307 2455 Oi
325 2391 358 2455 d’
378 2391 410 2456 έν
426 2395 465 2477 τῇ
476 2387 579 2475 Ῥώμῃ
598 2385 797 2473 ἐταράττοντο
813 2388 870 2469 μέν
887 2390 938 2452 καὶ
954 2398 1022 2465 ταῖς
1038 2395 1099 2453 τῶν
1115 2387 1271 2472 ἀρχόντων

141 2494 238 2581 ’πρὸς
255 2493 406 2574 ἀλλήλους
424 2490 576 2569 στάσεσιν,
596 2493 748 2578 έθραττον
765 2492 798 2554 δέ
810 2490 927 2567 ἀὐτοὺς
943 2493 995 2556 καί
1012 2502 1123 2575 σημεῖα
1139 2492 1219 2558 ἀλλα
1236 2521 1268 2560 τε
1286 2502 1309 2554 Ρ
1325 2501 1341 2570 1
1358 2504 1409 2555 515

159 2601 210 2661 κοιλ
231 2594 277 2660 ότι
299 2596 408 2677 λευκὴν
432 2593 515 2679 ὄρνιν
539 2594 664 2662 κλῶνιον
689 2593 809 2680 δάφνης
832 2592 983 2676 έγκάρπου
1009 2596 1163 2679 φέρουσαν
1182 2597 1271 2674 ἀετός
1363 2591 1371 2608 ’

159 2697 303 2786 ἀρπάσας
328 2701 370 2774 είς
392 2699 445 2772 τόν
468 2696 580 2762 κόλπον
602 2705 657 2779 τῆς
672 2700 792 2778 Λιβίας
816 2698 970 2777 ἐνέβαλεν·
996 2697 1067 2765 dori
1084 2701 1194 2784 μικρὸν
1211 2727 1269 2784 ση-
1349 2731 1358 2754 ·

842 2806 857 2834 0

229 2902 414 2962 1ἀνέπλευσε
432 2907 455 2961 Α
473 2907 539 2973 Dio,
565 2899 717 2976 ἀνέστρεψε
739 2907 807 2960 PW.
880 2968 882 2971 ,
910 2907 1033 2977 dripere
1050 2910 1073 2962 A
1091 2910 1160 2977 Dio,
1191 2904 1270 2966 ’πτε-
1349 2937 1353 2944 ’

226 2995 261 3032 το
280 2979 344 3030 i’W.
448 2972 513 3031 bdb
531 2976 582 3029 add
601 2979 630 3035 A,
740 2978 774 3029 10
789 2971 970 3045 άγαπητικῶς
993 2981 1025 3030 A.
1131 2982 1163 3031 ll
1182 2983 1268 3032 απολ-

225 3043 339 3114 λοφάνη
357 3045 412 3102 Ac,
442 3043 445 3052 ¹
520 3047 552 3098 λλ
568 3043 680 3113 μέντοι]
707 3039 739 3096 δὲ
756 3047 791 3101 A.
896 3048 930 3097 lo
947 3040 983 3098 τά
1002 3040 1032 3100 έν
1049 3047 1084 3116 τῇ
1101 3049 1125 3100 A
1142 3048 1208 3118 Dio,
1234 3049 1270 3118 spi

227 3116 296 3181 PW,
314 3132 355 3168 om
373 3117 407 3169 C.
512 3115 546 3170 16
563 3110 720 3184 ἐγχειρήσας
738 3113 770 3167 A.
1024 3135 1028 3144 ·

158 3300 206 3371 qni
222 3299 318 3353 milites
334 3299 435 3384 aliqpot
449 3297 487 3350 ibi
505 3296 691 3382 interiecerat,
714 3297 843 3366 territas,
866 3313 917 3366 per
942 3315 1046 3352 causam
1070 3301 1133 3354 beili
1150 3302 1269 3356 Parthici

159 3386 211 3442 quo
230 3379 370 3492 urgppettpp
385 3369 711 3490 ίάοάἔιάαάίάἃότῃῑοῗόόίάἀιο
734 3415 836 3488 italiam
858 3452 999 3504 aggressus
1022 3438 1115 3491 mnitas
1138 3438 1224 3491 clades
1242 3446 1271 3492 et

158 3507 295 3560 inferebat
312 3517 339 3556 et
357 3505 517 3574 accipiebat,
535 3505 562 3557 in
580 3507 718 3558 navalibus
735 3513 823 3558 tamen
841 3507 937 3574 pugnis
957 3507 1094 3575 superior:
1123 3516 1152 3559 ut
1170 3508 1271 3562 Caesar

158 3575 272 3628 navibus
290 3572 465 3643 compluribus
484 3585 537 3627 tam
555 3576 622 3627 beiio
640 3592 717 3644 quam
735 3575 764 3626 si
781 3580 967 3642 tempestatum
987 3576 1102 3642 amissis,
1128 3577 1271 3646 desperata

159 3643 269 3711 Sicilia,
294 3645 362 3696 bene
380 3659 466 3696 secum
490 3645 535 3712 egi
558 3653 664 3713 putaret
687 3643 711 3696 si
735 3659 806 3694 oram
830 3644 985 3696 maritimam
1007 3653 1136 3697 tueretur.
1170 3664 1222 3715 qua
1241 3664 1271 3699 re

158 3715 261 3768 Sonus
279 3713 372 3766 elatior
389 3713 487 3766 italiam
505 3715 638 3780 vexabat,
663 3712 840 3782 Apollophane
859 3713 884 3763 in
903 3713 1018 3766 Africam
1042 3715 1132 3768 misso.
1169 3717 1271 3768 Caesar

159 3791 188 3836 et
202 3783 313 3835 naribus
332 3780 418 3834 multis
435 3783 579 3846 fabricatis,
597 3789 625 3835 et
640 3783 784 3848 remigibus
802 3798 818 3832 a
835 3782 1000 3834 aenatoribus
1018 3784 1149 3852 equitibus
1168 3795 1196 3838 et
1213 3787 1270 3854 pie·

158 3852 228 3906 beiis
245 3851 408 3918 perurgebit,
433 3857 461 3903 et
483 3852 609 3906 militibus
633 3852 738 3921 scriptis
757 3858 785 3901 et
801 3851 913 3919 pecunia
930 3851 1045 3921 undique
1063 3864 1171 3919 coacta,
1199 3853 1270 3906 ordi-

160 3921 247 3974 nanda
264 3921 343 3974 Italia
360 3929 388 3972 et
406 3919 491 3974 Gallia
509 3929 669 3990 occupatas,
687 3920 820 3989 Agrippae
838 3920 955 3972 navalem
974 3920 1174 3976 instructionem
1193 3939 1270 3974 exsr-

162 3991 269 4044 cendam
288 3999 316 4042 et
333 3990 509 4044 exornandam
527 3989 647 4044 tradidit.
682 3991 706 4042 is
732 3998 760 4041 et
785 3989 898 4042 navibus
922 3998 951 4042 et
969 3991 1113 4060 remigibus
1138 3993 1166 4044 ia
1191 4006 1270 4042 anum

162 4060 299 4112 conductis
316 4061 373 4113 ilias
391 4060 496 4124 referit,
515 4059 562 4112 hos
580 4067 610 4112 nt
628 4057 653 4109 in
670 4059 799 4111 tabulatis
816 4059 974 4126 remigarent
990 4061 1116 4113 exercuit

217 4164 219 4170 -
266 4130 343 4192 Quae
361 4131 420 4182 dnm
439 4130 516 4195 fiunt,
533 4128 643 4181 Romani
660 4136 687 4178 et
720 4126 844 4198 rincipnm
857 4129 997 4181 discordiis
1009 4138 1037 4182 et
1048 4127 1175 4196 prodigiis
1187 4130 1272 4178 terre·

163 4197 269 4264 bantur,
279 4216 310 4251 eo
318 4199 480 4270 potissimum
490 4198 560 4267 quod
568 4199 649 4250 albam
657 4145 778 4265 gaiAiuam
790 4211 886 4250 ramum
897 4196 963 4250 isari
977 4215 1034 4250 cum
1045 4196 1135 4249 baccis
1147 4196 1271 4248 ferentem

164 4263 252 4333 aquila
263 4275 409 4339 correptam
420 4269 448 4322 in
461 4267 554 4323 bivias
566 4265 691 4337 gremium
704 4264 815 4318 deiecits
833 4266 860 4318 id
872 4267 942 4334 qaod
954 4264 1056 4335 signnm
1068 4263 1137 4318 baud
1148 4263 1272 4334 exiguum

740 4461 761 4493 ⁶⁰
857 4480 874 4517 ε
