3050 4809
566 277 775 343 turturum
800 277 836 342 X
861 277 913 342 29.
1217 273 1293 346 395

68 497 70 502 .
187 447 406 533 ποιησόμενος,
439 449 540 515 ἐλθών
558 449 591 513 δὲ
608 451 651 524 είς
668 449 829 531 Κέρκυραν
845 445 985 514 κάκεῖθεν
1003 453 1045 525 είς
1061 447 1118 533 τὴν
1132 445 1293 513 Πελοπόν-

186 567 284 638 νησον
303 549 495 629 ἀναπλεύσας
517 550 609 627 αύτδς
630 552 685 634 μέν
708 551 740 614 δν
756 547 901 636 Πάτραις
923 554 1126 638 παρεχείμασε
1133 597 1144 629 ,
1169 552 1242 627 τούς
1258 552 1293 615 δὲ

188 654 378 743 στρατιώτας
394 652 563 738 πανταχόσε
581 654 759 737 διέπεμψεν·
792 649 809 718 ὃ
833 655 867 718 δὲ
887 656 1010 740 Καῖσαρ
1034 652 1156 737 ἀνήχθη
1179 655 1237 734 μέν
1259 657 1292 718 ix
1374 665 1380 675 ‘

187 765 244 826 τοῦ
259 761 459 846 Βρεντεσίου,
489 765 615 840 χειμῶνι
632 757 666 822 δὲ
682 756 850 843 περιπεσών
866 759 917 820 καλ
933 759 1077 839 πονηθείς
1094 754 1292 842 ἀνεχώρησεν.

163 875 181 930 ⁶
250 877 252 884 ‘
290 864 342 928 29.
390 864 561 949 Ἠργμένου
578 862 612 926 δὲ
629 861 717 946 έαρος
732 856 752 924 δ
768 861 825 943 μέν
837 857 994 936 Ἀντώνιος
1010 859 1133 942 οὐδαμῆ
1149 859 1290 944 ἐκινήθη·
1310 925 1318 932 ,,

129 1041 137 1062 .
188 963 351 1058 σύμμικτοι
374 966 433 1052 γάρ
459 965 491 1031 ἔκ
516 969 637 1030 πολλῶν
662 967 760 1029 ἐθνῶν
784 961 868 1040 ὄντες
894 963 925 1029 οἳ
949 973 1099 1049 τριηρΐται
1124 961 1217 1028 αύτοῶ
1240 965 1292 1028 καί
1392 1000 1394 1005 -

186 1066 293 1155 πόρρω
313 1069 507 1154 χειμάζοντες
526 1067 588 1133 ,ἀπ’
615 1066 712 1132 αὐτοῦ
734 1065 803 1133 οὔτ’
830 1063 1029 1151 έχυμνάζοντο
1055 1066 1107 1129 καί
1133 1060 1213 1150 νόσῳ
1239 1068 1331 1129 xolc

187 1171 384 1253 αὐτομολίαις
400 1171 572 1254 ἦλάττωντο
579 1219 589 1252 ,
624 1173 673 1236 καλ
698 1166 714 1235 ὁ
734 1169 902 1256 Ἀγρίππας
917 1170 974 1254 τὴν
989 1165 1152 1250 Μεθώνην
1167 1168 1200 1243 ἐξ
1217 1165 1292 1254 ipti-

186 1277 243 1341 δον
260 1275 421 1358 κατασχών
437 1279 488 1341 καὶ
504 1275 560 1352 τάς
576 1271 737 1359 κατάρσεις
752 1281 815 1338 τῶν
829 1269 975 1338 ὁλκάδων
987 1274 1137 1357 ἐπιτηρῶν
1149 1271 1199 1334 καί
1214 1268 1292 1335 διπο-

146 1388 181 1442 10
187 1375 293 1460 βάσεις
309 1379 417 1444 ἄλλοτε
435 1379 512 1464 άλλη
529 1385 583 1461 τῆς
601 1374 749 1453 Ἑλλάδος
764 1373 943 1458 ποιούμενος
958 1361 1090 1460 ἰσχυρῶς
1107 1372 1201 1439 oriris
1218 1374 1293 1438 έθα-

122 1537 125 1544 .
189 1478 293 1569 ρύβει·
319 1479 336 1546 ὁ
353 1484 387 1547 δὲ
405 1484 530 1568 Καῖσαρ
547 1478 663 1555 πάντας
678 1481 734 1562 μέν
750 1479 823 1555 τούς
838 1476 1026 1566 στρατιώτας
1041 1475 1157 1553 πάντας
1173 1477 1208 1540 δὲ
1223 1475 1295 1553 τούς
1376 1520 1397 1537 κ.

84 1601 90 1622 ¹
188 1585 375 1668 δυναμένους
390 1611 419 1649 τι
435 1591 496 1650 τῶν
511 1589 684 1664 βουλευτῶν
700 1584 752 1646 καί
768 1581 882 1647 ίππέων
906 1586 949 1659 είς
970 1581 1005 1647 cd
1025 1581 1204 1665 Βρεντέσιον
1219 1605 1294 1663 σνν-

187 1684 298 1771 ήγαμε,
322 1687 395 1763 τοδς
417 1687 473 1768 μέν
498 1685 581 1762 ὅπως
604 1687 687 1773 αὐτῷ
710 1709 740 1750 τι
764 1684 982 1772 ονμπράξωσι,
1005 1684 1078 1760 τούς
1095 1683 1127 1747 δ’
1148 1681 1230 1760 ὅπως
1244 1683 1290 1766 μη
1310 1693 1445 1750 wn157

134 1857 135 1862 ,
188 1789 377 1872 μονωθέντος
389 1815 417 1854 τι
434 1785 628 1872 νεοχμώσωοι
635 1835 645 1866 ,
663 1791 714 1852 καὶ
730 1788 773 1852 ’ἶν’
793 1789 956 1872 ἐνδείξηται
972 1785 1018 1852 δτι
1035 1786 1070 1852 τδ
1086 1792 1225 1852 πλεῖστον
1241 1789 1292 1850 καί

108 1957 115 1973 ,
146 1899 383 1978 λὸαρατιστεῦον
397 1899 458 1958 τῶν
469 1889 626 1976 Ῥωμαίων
642 1887 820 1976 δμύγνωμον
834 1893 984 1975 κέκτηται.
1034 1891 1085 1955 καὶ
1108 1890 1165 1956 σύν
1187 1890 1290 1968 αύτοῖς
1305 1897 1331 1951 lt

188 1994 242 2060 τδν
255 1993 359 2060 ’δάνιον
375 1997 552 2078 διαβέβηκε,
578 1999 629 2060 καὶ
645 1995 703 2078 τὴν
719 1995 882 2081 Κίρκυραν
908 1998 1122 2081 έκλειφθεῖσαν
1144 1989 1205 2060 ύπδ
1231 1999 1293 2058 τῶν

188 2097 403 2185 φρουρούντων
426 2101 529 2180 λαβών
552 2102 594 2174 εἰς
615 2099 668 2163 τδν
685 2099 792 2179 λιμένα
809 2097 860 2164 τδν
877 2097 998 2163 livedo
1014 2103 1126 2181 κατῆρε
1143 2098 1292 2178 (καλεῖται

188 2202 222 2266 δὲ
239 2199 335 2279 ούτως
351 2201 397 2267 ὅτι
415 2203 448 2268 in
465 2208 520 2266 τοῦ
537 2207 676 2282 ποταμοῦ
693 2207 749 2264 τοῦ
766 2204 809 2275 εἰς
824 2200 918 2265 αύτδν
940 2197 1144 2282 έμβάλλοντος
1166 2201 1292 2282 γλυκαί-

187 2306 292 2388 νεται),
314 2307 456 2370 κάκεῖθεν
472 2308 515 2379 είς
531 2303 565 2368 td
577 2301 695 2366 Ἄκτιον
712 2303 804 2366 ἔπλει.
842 2298 884 2377 ώς
900 2300 932 2365 δ’
954 2303 1052 2378 οὐδεὶς
1069 2299 1137 2366 οὔτε
1154 2301 1291 2364 άντέπλει

143 2405 256 2472 wedre
274 2409 306 2484 ές
323 2405 431 2492 λύγους
448 2403 495 2492 ᾔει
513 2406 595 2493 αύτῷ
612 2404 633 2488 ἢ
650 2404 725 2488 πρὸς
746 2400 849 2486 μάχην
872 2402 893 2486 ἢ
917 2403 995 2490 πρὸς
1017 2401 1180 2486 ὁμολογίαν
1204 2403 1294 2466 ἐκκα-

187 2511 325 2598 λουμένη)
337 2511 409 2586 τοδς
421 2511 588 2587 έναντίονς,
606 2509 752 2587 κατέλαβε
763 2506 802 2596 ’τὸ
812 2507 930 2592 ’χωρίον
945 2512 1035 2572 τοῦτο
1052 2509 1085 2571 ἐν
1102 2495 1127 2595 ᾦ
1142 2511 1197 2570 νῦν
1213 2506 1294 2570 έστιν

258 2720 274 2773 l
296 2715 494 2786 Πελοπόνηοον
510 2717 578 2772 PW.
683 2716 700 2771 6
724 2709 803 2768 αύτῶ
818 2716 878 2770 Bc.
980 2717 999 2770 8
1020 2710 1050 2782 ἐξ
1075 2709 1183 2784 ίφδδσυ
1205 2731 1291 2767 κατα-

256 2782 539 2912 αωανν
555 2781 584 2853 ‘⁵
599 2769 1040 2922 τολμωμένων·
1058 2786 1091 2843 ⁰·
1159 2779 1293 2846 ¹⁹³⁶·
1383 2792 1386 2802 ’

290 2993 418 3048 Fortuna.
455 2995 521 3063 Cep.
537 2992 583 3050 29.
618 2993 713 3046 Diceris
729 2992 868 3046 Historiae
885 2993 1024 3046 limnas
1046 2991 1092 3046 tto.
1108 2992 1144 3044 50
1164 3008 1188 3046 c.
1207 2991 1240 3045 ll
1258 3015 1293 3026 -

256 3080 280 3116 c.
299 3063 344 3117 35.
384 3063 522 3118 Plutarchi
537 3063 682 3138 Antonius,
700 3081 723 3118 ο.
741 3059 864 3118 66-68.

190 3248 215 3301 in
235 3248 314 3302 italie
330 3251 499 3320 opprimeret.
535 3249 584 3302 sed
599 3265 656 3302 curn
673 3248 818 3317 Corcyram
835 3247 982 3319 appulisset
998 3253 1079 3314 atque
1096 3246 1159 3298 inde
1174 3245 1202 3296 in
1218 3245 1296 3298 Pelo·

188 3335 330 3388 pounesuru
342 3319 504 3386 navigasset,
522 3318 611 3371 Petris
629 3317 778 3370 hibernavit
794 3325 823 3370 et
840 3317 933 3370 milites
950 3317 1045 3385 pereira
1062 3315 1209 3369 distribuit.
1225 3315 1297 3368 cta·

189 3405 233 3442 sar
250 3405 314 3448 vero
332 3403 388 3440 cum
406 3387 555 3440 Brundusio
571 3388 703 3455 solvisset,
720 3395 876 3457 tempestate
893 3385 1020 3454 fatigatos
1036 3385 1157 3441 receseit.

293 3455 337 3508 29.
375 3457 443 3509 Vere
460 3457 603 3526 incipiente
620 3455 750 3510 Antonius
768 3473 798 3508 se
814 3473 865 3508 non
882 3454 1037 3507 connovitt
1061 3471 1120 3506 nam
1145 3452 1203 3506 eius
1228 3451 1296 3505 clar·

189 3525 264 3578 elerii
281 3542 313 3577 ex
330 3523 442 3579 dirersis
460 3527 582 3596 gentibus
599 3525 701 3579 collecti
718 3541 775 3578 euru
815 3525 886 3578 rocol
904 3525 937 3575 ab
955 3539 987 3575 eo
1006 3523 1191 3589 hibernarent,
1210 3537 1296 3590 neque

190 3611 250 3646 sese
267 3593 427 3646 exercebant
452 3603 479 3648 et
503 3597 594 3648 morbo
617 3611 649 3647 ec
665 3543 820 3662 transfugiis
837 3593 958 3646 diminuti
975 3598 1059 3647 erent.
1094 3591 1213 3662 Agrippa
1231 3607 1296 3660 quo·

190 3679 242 3732 que
259 3663 385 3715 Methone
402 3664 501 3731 impetu
518 3671 608 3734 capta,
627 3663 733 3717 nerium
750 3663 927 3714 onerariarum
946 3661 1070 3730 appulsus
1086 3659 1251 3713 observando
1268 3665 1297 3712 et

190 3733 217 3785 in
236 3729 296 3784 eliis
313 3739 391 3800 atque
408 3733 465 3785 eliis
478 3733 607 3786 Graeciae
623 3732 688 3787 loeis
707 3748 848 3784 exscertus
865 3731 987 3783 iaciendo
1004 3728 1139 3783 admodum
1157 3747 1214 3783 suns
1233 3745 1295 3798 per·

189 3801 326 3855 turbabat.
362 3802 461 3854 Caesar
477 3819 542 3854 vero
561 3819 648 3855 ornnes
666 3801 775 3867 milites,
802 3816 889 3852 ornnes
910 3808 1061 3865 senatorer,
1084 3815 1173 3852 onnes
1191 3796 1296 3866 equites
1328 3819 1335 3840 ι

190 3886 300 3940 querum
318 3869 406 3937 aliqua
426 3877 485 3923 erut
501 3872 642 3924 auctoritas
684 3869 827 3923 Brundusii
843 3871 985 3921 convenire
1001 3867 1093 3935 iussit,
1117 3869 1183 3921 alios
1201 3873 1232 3919 ut
1247 3866 1296 3918 eli·

191 3940 254 4010 quid
266 3938 424 4003 adiutarent,
441 3939 508 3992 alios
525 3957 558 3993 ne
575 3957 649 3992 seors
703 3941 782 3992 rebus
796 3938 874 3991 novis
888 3939 1035 4005 studerent,
1052 3945 1134 4006 utque
1145 3937 1298 3990 ostenderet

191 4008 357 4062 sometimes
370 4009 659 4078 praestantissimaeque
672 4009 756 4078 partis
769 4007 941 4061 Romanorum
951 4024 1081 4059 consensu
1092 4007 1151 4059 niti.
1184 4019 1241 4056 eure
1252 4002 1297 4053 iis·

191 4095 243 4148 que
259 4077 333 4130 Ionio
352 4079 504 4130 transmisso
521 4084 550 4130 et
562 4079 691 4144 Corcyra,
710 4093 786 4147 quem
805 4077 971 4160 praesidiarii
988 4075 1157 4158 reliquerant,
1173 4081 1251 4140 capte
1268 4070 1296 4123 in

191 4140 1295 4285 nutriretururuituriiulfluzuuuilt‘

529 4251 537 4268 a
1098 4249 1106 4277 p
1283 4240 1297 4267 ¹.

193 4299 269 4355 quam
287 4286 328 4370 rpl
345 4286 380 4340 ad
397 4301 511 4358 pugnem
529 4286 572 4339 rel
589 4284 622 4338 ad
639 4283 800 4339 deditionem
816 4286 905 4339 hostes
926 4281 1083 4352 provocanti
1098 4278 1297 4349 responderent,
1350 4331 1377 4363 ρ,
