<?xml version="1.0" encoding="UTF-8"?>
<!DOCTYPE html PUBLIC "-//W3C//DTD XHTML 1.0 Transitional//EN"
    "http://www.w3.org/TR/xhtml1/DTD/xhtml1-transitional.dtd">
<html xmlns="http://www.w3.org/1999/xhtml" xml:lang="en" lang="en">
 <head>
  <title>
</title>
<meta http-equiv="Content-Type" content="text/html;charset=utf-8" />
  <meta name='ocr-system' content='tesseract 3.04.00' />
  <meta name='ocr-capabilities' content='ocr_page ocr_carea ocr_par ocr_line ocrx_word'/>
</head>
<body>
  <div class='ocr_page' id='page_1' title='image "./corpusscriptoru53theogoog/corpusscriptoru53theogoog_0411.png"; bbox 0 0 3050 4809; ppageno 0'>
   <div class='ocr_carea' id='block_1_1' title="bbox 506 270 1244 347">
    <p class='ocr_par' dir='ltr' id='par_1_1' title="bbox 506 270 1244 347">
     <span class='ocr_line' id='line_1_1' title="bbox 506 270 1244 347; baseline 0.004 -5"><span class='ocrx_word' id='word_1_1' title='bbox 506 271 719 347; x_wconf 79' lang='lat' dir='ltr'><strong>ANNALIUM</strong></span> <span class='ocrx_word' id='word_1_2' title='bbox 742 270 779 342; x_wconf 82' lang='grc' dir='ltr'>Χ</span> <span class='ocrx_word' id='word_1_3' title='bbox 804 273 858 344; x_wconf 72' lang='lat' dir='ltr'><strong><em>tt</em></strong></span> <span class='ocrx_word' id='word_1_4' title='bbox 882 290 886 299; x_wconf 89' lang='grc'><strong><em>·</em></strong></span> <span class='ocrx_word' id='word_1_5' title='bbox 1166 272 1244 345; x_wconf 78' lang='lat' dir='ltr'><strong><em>tlt</em></strong></span> 
     </span>
    </p>
   </div>
   <div class='ocr_carea' id='block_1_2' title="bbox 67 417 1353 2387">
    <p class='ocr_par' dir='ltr' id='par_1_2' title="bbox 67 417 1353 2387">
     <span class='ocr_line' id='line_1_2' title="bbox 146 417 1246 534; baseline -0.002 -18"><span class='ocrx_word' id='word_1_6' title='bbox 146 451 195 516; x_wconf 85' lang='grc' dir='ltr'><strong><em>κοιλ</em></strong></span> <span class='ocrx_word' id='word_1_7' title='bbox 207 447 263 514; x_wconf 82' lang='grc' dir='ltr'><strong><em>τδν</em></strong></span> <span class='ocrx_word' id='word_1_8' title='bbox 280 443 462 534; x_wconf 94' lang='grc' dir='ltr'><strong><em>Αὔγουστον</em></strong></span> <span class='ocrx_word' id='word_1_9' title='bbox 478 441 538 513; x_wconf 75' lang='lat' dir='ltr'><strong><em>imi</em></strong></span> <span class='ocrx_word' id='word_1_10' title='bbox 555 417 621 513; x_wconf 74' lang='grc' dir='ltr'><strong><em>τῶά</em></strong></span> <span class='ocrx_word' id='word_1_11' title='bbox 634 442 795 534; x_wconf 73' lang='grc' dir='ltr'><strong><em>ἐμφρόνων</em></strong></span> <span class='ocrx_word' id='word_1_12' title='bbox 811 444 1033 531; x_wconf 71' lang='grc' dir='ltr'><strong><em>ἀνακληθῆναι.</em></strong></span> <span class='ocrx_word' id='word_1_13' title='bbox 1070 442 1246 533; x_wconf 73' lang='grc' dir='ltr'><strong><em>ἀγανακτή-</em></strong></span> 
     </span>
     <span class='ocr_line' id='line_1_3' title="bbox 145 545 1246 640; baseline -0.001 -22"><span class='ocrx_word' id='word_1_14' title='bbox 145 575 201 629; x_wconf 90' lang='grc' dir='ltr'><strong><em>σας</em></strong></span> <span class='ocrx_word' id='word_1_15' title='bbox 216 551 250 617; x_wconf 81' lang='grc' dir='ltr'><strong><em>δ’</em></strong></span> <span class='ocrx_word' id='word_1_16' title='bbox 270 551 317 616; x_wconf 80' lang='grc' dir='ltr'><strong><em>ἐπὶ</em></strong></span> <span class='ocrx_word' id='word_1_17' title='bbox 333 549 431 640; x_wconf 83' lang='grc' dir='ltr'><strong><em>τοῦτιρ</em></strong></span> <span class='ocrx_word' id='word_1_18' title='bbox 449 547 466 617; x_wconf 83' lang='grc' dir='ltr'><strong><em>ὃ</em></strong></span> <span class='ocrx_word' id='word_1_19' title='bbox 483 549 681 636; x_wconf 88' lang='grc' dir='ltr'><strong><em>Αὔγουστος,</em></strong></span> <span class='ocrx_word' id='word_1_20' title='bbox 698 551 749 614; x_wconf 84' lang='grc' dir='ltr'><strong><em>καλ</em></strong></span> <span class='ocrx_word' id='word_1_21' title='bbox 766 545 841 631; x_wconf 85' lang='grc' dir='ltr'><strong><em>μήτε</em></strong></span> <span class='ocrx_word' id='word_1_22' title='bbox 859 548 905 614; x_wconf 73' lang='grc' dir='ltr'><strong><em>δελ</em></strong></span> <span class='ocrx_word' id='word_1_23' title='bbox 920 557 958 636; x_wconf 79' lang='grc' dir='ltr'><strong><em>τῇ</em></strong></span> <span class='ocrx_word' id='word_1_24' title='bbox 969 545 1072 637; x_wconf 78' lang='grc' dir='ltr'><strong><em>Ῥάμῃ</em></strong></span> <span class='ocrx_word' id='word_1_25' title='bbox 1088 546 1246 635; x_wconf 71' lang='grc' dir='ltr'><strong><em>σχολάζειν</em></strong></span> 
     </span>
     <span class='ocr_line' id='line_1_4' title="bbox 145 647 1353 740; baseline 0 -20"><span class='ocrx_word' id='word_1_26' title='bbox 145 652 311 739; x_wconf 83' lang='grc' dir='ltr'><strong><em>δυνάμενος</em></strong></span> <span class='ocrx_word' id='word_1_27' title='bbox 333 651 409 736; x_wconf 84' lang='grc' dir='ltr'><strong><em>μήτ’</em></strong></span> <span class='ocrx_word' id='word_1_28' title='bbox 436 647 476 719; x_wconf 80' lang='grc' dir='ltr'><strong><em>αὔ</em></strong></span> <span class='ocrx_word' id='word_1_29' title='bbox 500 654 634 740; x_wconf 76' lang='grc' dir='ltr'><strong><em>ἄναρχον</em></strong></span> <span class='ocrx_word' id='word_1_30' title='bbox 656 651 751 735; x_wconf 75' lang='grc' dir='ltr'><strong><em>αὐτὴν</em></strong></span> <span class='ocrx_word' id='word_1_31' title='bbox 776 654 962 716; x_wconf 70' lang='grc' dir='ltr'><strong><em>καταλείπειν</em></strong></span> <span class='ocrx_word' id='word_1_32' title='bbox 985 659 1118 736; x_wconf 81' lang='grc' dir='ltr'><strong><em>τολμῶν,</em></strong></span> <span class='ocrx_word' id='word_1_33' title='bbox 1151 654 1286 740; x_wconf 82' lang='grc' dir='ltr'><strong><em>ἐζήτειο</em></strong></span> <span class='ocrx_word' id='word_1_34' title='bbox 1350 735 1353 740; x_wconf 28' lang='grc'><strong>,</strong></span> 
     </span>
     <span class='ocr_line' id='line_1_5' title="bbox 67 752 1247 845; baseline 0 -21"><span class='ocrx_word' id='word_1_35' title='bbox 67 777 73 784; x_wconf 88' lang='grc'><strong><em>·</em></strong></span> <span class='ocrx_word' id='word_1_36' title='bbox 145 759 223 845; x_wconf 82' lang='grc' dir='ltr'><strong><em>οὔτῇ</em></strong></span> <span class='ocrx_word' id='word_1_37' title='bbox 239 760 399 840; x_wconf 86' lang='grc' dir='ltr'><strong><em>ἐπιστήσαι</em></strong></span> <span class='ocrx_word' id='word_1_38' title='bbox 414 755 492 822; x_wconf 85' lang='grc' dir='ltr'><strong><em>τινά.</em></strong></span> <span class='ocrx_word' id='word_1_39' title='bbox 542 760 594 822; x_wconf 84' lang='grc' dir='ltr'><strong><em>καλ</em></strong></span> <span class='ocrx_word' id='word_1_40' title='bbox 617 755 712 842; x_wconf 78' lang='grc' dir='ltr'><strong><em>ὔκρινε</em></strong></span> <span class='ocrx_word' id='word_1_41' title='bbox 734 755 791 840; x_wconf 87' lang='grc' dir='ltr'><strong><em>μέν</em></strong></span> <span class='ocrx_word' id='word_1_42' title='bbox 815 755 870 820; x_wconf 87' lang='grc' dir='ltr'><strong><em>τδν</em></strong></span> <span class='ocrx_word' id='word_1_43' title='bbox 888 752 1054 840; x_wconf 74' lang='grc' dir='ltr'><strong><em>Ἀγρίππαν</em></strong></span> <span class='ocrx_word' id='word_1_44' title='bbox 1076 758 1154 843; x_wconf 87' lang='grc' dir='ltr'><strong><em>πρδς</em></strong></span> <span class='ocrx_word' id='word_1_45' title='bbox 1171 758 1247 824; x_wconf 76' lang='lat' dir='ltr'><strong>ariri</strong></span> 
     </span>
     <span class='ocr_line' id='line_1_6' title="bbox 122 857 1248 946; baseline -0.002 -17"><span class='ocrx_word' id='word_1_46' title='bbox 122 857 397 946; x_wconf 71' lang='grc' dir='ltr'><strong><em>θέπιτηδειάτατον,</em></strong></span> <span class='ocrx_word' id='word_1_47' title='bbox 422 863 588 943; x_wconf 72' lang='grc' dir='ltr'><strong><em>βουληθεὶς</em></strong></span> <span class='ocrx_word' id='word_1_48' title='bbox 610 861 644 925; x_wconf 87' lang='grc' dir='ltr'><strong><em>δέ</em></strong></span> <span class='ocrx_word' id='word_1_49' title='bbox 667 862 719 925; x_wconf 86' lang='grc' dir='ltr'><strong><em>καλ</em></strong></span> <span class='ocrx_word' id='word_1_50' title='bbox 741 860 844 941; x_wconf 73' lang='grc' dir='ltr'><strong><em>μεῖζον</em></strong></span> <span class='ocrx_word' id='word_1_51' title='bbox 865 857 950 946; x_wconf 81' lang='grc' dir='ltr'><strong><em>αὔτῷ</em></strong></span> <span class='ocrx_word' id='word_1_52' title='bbox 972 865 1140 945; x_wconf 72' lang='grc' dir='ltr'><strong><em>περιθεῖναι</em></strong></span> <span class='ocrx_word' id='word_1_53' title='bbox 1155 861 1248 940; x_wconf 81' lang='grc' dir='ltr'><strong><em>άξίον·</em></strong></span> 
     </span>
     <span class='ocr_line' id='line_1_7' title="bbox 142 960 1248 1054; baseline -0.001 -23"><span class='ocrx_word' id='word_1_54' title='bbox 142 991 203 1048; x_wconf 88' lang='grc' dir='ltr'><strong><em>μα,</em></strong></span> <span class='ocrx_word' id='word_1_55' title='bbox 232 967 286 1029; x_wconf 79' lang='lat' dir='ltr'><strong><em>‘ira</em></strong></span> <span class='ocrx_word' id='word_1_56' title='bbox 313 966 346 1029; x_wconf 84' lang='grc' dir='ltr'><strong><em>ἐκ</em></strong></span> <span class='ocrx_word' id='word_1_57' title='bbox 369 963 480 1030; x_wconf 76' lang='grc' dir='ltr'><strong><em>τούτου</em></strong></span> <span class='ocrx_word' id='word_1_58' title='bbox 503 964 578 1054; x_wconf 75' lang='grc' dir='ltr'><strong><em>ῥᾷον</em></strong></span> <span class='ocrx_word' id='word_1_59' title='bbox 603 963 703 1029; x_wconf 81' lang='grc' dir='ltr'><strong><em>οὔτῶν</em></strong></span> <span class='ocrx_word' id='word_1_60' title='bbox 728 963 819 1050; x_wconf 81' lang='grc' dir='ltr'><strong><em>άρχῃ,</em></strong></span> <span class='ocrx_word' id='word_1_61' title='bbox 844 960 1069 1048; x_wconf 76' lang='grc' dir='ltr'><strong><em>κατηνάγκασεν</em></strong></span> <span class='ocrx_word' id='word_1_62' title='bbox 1085 963 1177 1029; x_wconf 60' lang='lat' dir='ltr'><strong>atate</strong></span> <span class='ocrx_word' id='word_1_63' title='bbox 1191 963 1248 1049; x_wconf 83' lang='grc' dir='ltr'><strong><em>τήν</em></strong></span> 
     </span>
     <span class='ocr_line' id='line_1_8' title="bbox 141 1065 1248 1156; baseline -0.003 -23"><span class='ocrx_word' id='word_1_64' title='bbox 141 1077 270 1154; x_wconf 78' lang='grc' dir='ltr'><strong><em>γυναῒκα</em></strong></span> <span class='ocrx_word' id='word_1_65' title='bbox 294 1067 410 1154; x_wconf 80' lang='grc' dir='ltr'><strong><em>άφέντα</em></strong></span> <span class='ocrx_word' id='word_1_66' title='bbox 432 1074 473 1154; x_wconf 82' lang='grc' dir='ltr'><strong><em>τῇ</em></strong></span> <span class='ocrx_word' id='word_1_67' title='bbox 496 1068 592 1134; x_wconf 84' lang='grc' dir='ltr'><strong><em>αὔτοῦ</em></strong></span> <span class='ocrx_word' id='word_1_68' title='bbox 615 1070 748 1153; x_wconf 79' lang='grc' dir='ltr'><strong><em>θυγατρί</em></strong></span> <span class='ocrx_word' id='word_1_69' title='bbox 772 1072 952 1148; x_wconf 78' lang='grc' dir='ltr'><strong><em>συνοικῆσαι</em></strong></span> <span class='ocrx_word' id='word_1_70' title='bbox 975 1071 1013 1152; x_wconf 77' lang='grc' dir='ltr'><strong><em>τῇ</em></strong></span> <span class='ocrx_word' id='word_1_71' title='bbox 1037 1065 1166 1156; x_wconf 74' lang='grc' dir='ltr'><strong><em>Ἰουλίᾳ,</em></strong></span> <span class='ocrx_word' id='word_1_72' title='bbox 1196 1069 1248 1133; x_wconf 85' lang='grc' dir='ltr'><strong><em>καλ</em></strong></span> 
     </span>
     <span class='ocr_line' id='line_1_9' title="bbox 142 1167 1250 1259; baseline -0.004 -23"><span class='ocrx_word' id='word_1_73' title='bbox 142 1173 173 1249; x_wconf 84' lang='grc' dir='ltr'><strong><em>ἐς</em></strong></span> <span class='ocrx_word' id='word_1_74' title='bbox 196 1172 254 1255; x_wconf 83' lang='grc' dir='ltr'><strong><em>τὴν</em></strong></span> <span class='ocrx_word' id='word_1_75' title='bbox 278 1167 398 1255; x_wconf 79' lang='grc' dir='ltr'><strong><em>Ῥώμην</em></strong></span> <span class='ocrx_word' id='word_1_76' title='bbox 423 1171 532 1237; x_wconf 78' lang='grc' dir='ltr'><strong><em>αὐτίκα</em></strong></span> <span class='ocrx_word' id='word_1_77' title='bbox 556 1173 608 1237; x_wconf 83' lang='grc' dir='ltr'><strong><em>ἐπί</em></strong></span> <span class='ocrx_word' id='word_1_78' title='bbox 626 1196 658 1236; x_wconf 86' lang='grc' dir='ltr'><strong><em>τε</em></strong></span> <span class='ocrx_word' id='word_1_79' title='bbox 683 1177 729 1259; x_wconf 76' lang='grc' dir='ltr'><strong><em>τῷ</em></strong></span> <span class='ocrx_word' id='word_1_80' title='bbox 751 1167 842 1257; x_wconf 81' lang='grc' dir='ltr'><strong><em>γάμῳ</em></strong></span> <span class='ocrx_word' id='word_1_81' title='bbox 866 1173 915 1234; x_wconf 78' lang='grc' dir='ltr'><strong><em>καὶ</em></strong></span> <span class='ocrx_word' id='word_1_82' title='bbox 939 1171 987 1234; x_wconf 78' lang='grc' dir='ltr'><strong><em>ἐπὶ</em></strong></span> <span class='ocrx_word' id='word_1_83' title='bbox 1012 1175 1052 1255; x_wconf 81' lang='grc' dir='ltr'><strong><em>τῇ</em></strong></span> <span class='ocrx_word' id='word_1_84' title='bbox 1077 1171 1250 1254; x_wconf 86' lang='grc' dir='ltr'><strong><em>μεταχειρί-</em></strong></span> 
     </span>
     <span class='ocr_line' id='line_1_10' title="bbox 142 1265 1249 1358; baseline -0.004 -18"><span class='ocrx_word' id='word_1_85' title='bbox 142 1299 187 1340; x_wconf 90' lang='grc' dir='ltr'><strong><em>σει</em></strong></span> <span class='ocrx_word' id='word_1_86' title='bbox 208 1281 266 1358; x_wconf 80' lang='grc' dir='ltr'><strong><em>τῆς</em></strong></span> <span class='ocrx_word' id='word_1_87' title='bbox 284 1273 402 1352; x_wconf 86' lang='grc' dir='ltr'><strong><em>πόλεως</em></strong></span> <span class='ocrx_word' id='word_1_88' title='bbox 426 1275 561 1358; x_wconf 77' lang='grc' dir='ltr'><strong><em>ἐλτεμψε,</em></strong></span> <span class='ocrx_word' id='word_1_89' title='bbox 597 1274 649 1339; x_wconf 89' lang='grc' dir='ltr'><strong><em>διά</em></strong></span> <span class='ocrx_word' id='word_1_90' title='bbox 670 1299 702 1340; x_wconf 87' lang='grc' dir='ltr'><strong><em>τε</em></strong></span> <span class='ocrx_word' id='word_1_91' title='bbox 726 1265 825 1337; x_wconf 80' lang='grc' dir='ltr'><strong><em>τᾶλλα</em></strong></span> <span class='ocrx_word' id='word_1_92' title='bbox 849 1275 901 1337; x_wconf 87' lang='grc' dir='ltr'><strong><em>καλ</em></strong></span> <span class='ocrx_word' id='word_1_93' title='bbox 923 1271 971 1338; x_wconf 82' lang='grc' dir='ltr'><strong><em>ὅτι</em></strong></span> <span class='ocrx_word' id='word_1_94' title='bbox 994 1269 1163 1355; x_wconf 79' lang='grc' dir='ltr'><strong><em>Μαικήνας</em></strong></span> <span class='ocrx_word' id='word_1_95' title='bbox 1186 1269 1249 1336; x_wconf 83' lang='grc' dir='ltr'><strong><em>είπε</em></strong></span> 
     </span>
     <span class='ocr_line' id='line_1_11' title="bbox 103 1372 1247 1468; baseline -0.007 -20"><span class='ocrx_word' id='word_1_96' title='bbox 103 1384 185 1468; x_wconf 66' lang='lat' dir='ltr'><strong>longi</strong></span> <span class='ocrx_word' id='word_1_97' title='bbox 207 1379 346 1465; x_wconf 85' lang='grc' dir='ltr'><strong><em>Καίσαρι</em></strong></span> <span class='ocrx_word' id='word_1_98' title='bbox 371 1375 413 1455; x_wconf 80' lang='grc' dir='ltr'><strong><em>ὡς</em></strong></span> <span class='ocrx_word' id='word_1_99' title='bbox 432 1375 632 1461; x_wconf 76' lang='grc' dir='ltr'><strong><em>“τηλικοῦτον</em></strong></span> <span class='ocrx_word' id='word_1_100' title='bbox 656 1375 750 1442; x_wconf 77' lang='grc' dir='ltr'><strong><em>αὐτὸν</em></strong></span> <span class='ocrx_word' id='word_1_101' title='bbox 773 1378 940 1459; x_wconf 88' lang='grc' dir='ltr'><strong><em>πεποίηκας</em></strong></span> <span class='ocrx_word' id='word_1_102' title='bbox 962 1373 1039 1441; x_wconf 80' lang='grc' dir='ltr'><strong><em>ὥστε</em></strong></span> <span class='ocrx_word' id='word_1_103' title='bbox 1064 1373 1086 1457; x_wconf 76' lang='grc' dir='ltr'><em>ἢ</em></span> <span class='ocrx_word' id='word_1_104' title='bbox 1106 1372 1247 1462; x_wconf 75' lang='grc' dir='ltr'><strong><em>γαμβρόν</em></strong></span> 
     </span>
     <span class='ocr_line' id='line_1_12' title="bbox 141 1470 1247 1568; baseline -0.003 -22"><span class='ocrx_word' id='word_1_105' title='bbox 141 1502 198 1546; x_wconf 91' lang='grc' dir='ltr'><strong><em>σου</em></strong></span> <span class='ocrx_word' id='word_1_106' title='bbox 221 1482 364 1567; x_wconf 73' lang='grc' dir='ltr'><strong><em>γενέσθαι</em></strong></span> <span class='ocrx_word' id='word_1_107' title='bbox 386 1487 500 1568; x_wconf 78' lang='grc' dir='ltr'><strong><em>χρῆναι</em></strong></span> <span class='ocrx_word' id='word_1_108' title='bbox 523 1480 543 1563; x_wconf 85' lang='grc' dir='ltr'><strong><em>ή</em></strong></span> <span class='ocrx_word' id='word_1_109' title='bbox 568 1479 790 1566; x_wconf 80' lang='grc' dir='ltr'><strong><em>φονευθήναι.”</em></strong></span> <span class='ocrx_word' id='word_1_110' title='bbox 839 1480 1006 1565; x_wconf 78' lang='grc' dir='ltr'><strong><em>Ἀγρίππας</em></strong></span> <span class='ocrx_word' id='word_1_111' title='bbox 1028 1470 1083 1542; x_wconf 81' lang='grc' dir='ltr'><strong><em>οὔν</em></strong></span> <span class='ocrx_word' id='word_1_112' title='bbox 1104 1481 1247 1543; x_wconf 76' lang='grc' dir='ltr'><strong><em>οἰδοῦντα</em></strong></span> 
     </span>
     <span class='ocr_line' id='line_1_13' title="bbox 140 1577 1284 1670; baseline -0.001 -20"><span class='ocrx_word' id='word_1_113' title='bbox 140 1582 237 1670; x_wconf 79' lang='grc' dir='ltr'><strong><em>εὖριδν</em></strong></span> <span class='ocrx_word' id='word_1_114' title='bbox 254 1587 285 1648; x_wconf 88' lang='grc' dir='ltr'><strong><em>ἐν</em></strong></span> <span class='ocrx_word' id='word_1_115' title='bbox 301 1589 341 1670; x_wconf 82' lang='grc' dir='ltr'><strong><em>τῇ</em></strong></span> <span class='ocrx_word' id='word_1_116' title='bbox 354 1579 455 1669; x_wconf 85' lang='grc' dir='ltr'><strong><em>Ῥώμῃ</em></strong></span> <span class='ocrx_word' id='word_1_117' title='bbox 472 1582 511 1650; x_wconf 81' lang='grc' dir='ltr'><strong><em>τά</em></strong></span> <span class='ocrx_word' id='word_1_118' title='bbox 529 1580 694 1668; x_wconf 84' lang='grc' dir='ltr'><strong><em>πράγματα</em></strong></span> <span class='ocrx_word' id='word_1_119' title='bbox 710 1577 926 1664; x_wconf 70' lang='grc' dir='ltr'><strong><em>κατεστήσατο.</em></strong></span> <span class='ocrx_word' id='word_1_120' title='bbox 976 1579 993 1645; x_wconf 83' lang='grc' dir='ltr'><strong><em>ά</em></strong></span> <span class='ocrx_word' id='word_1_121' title='bbox 1012 1581 1043 1644; x_wconf 81' lang='grc' dir='ltr'><strong><em>δ’</em></strong></span> <span class='ocrx_word' id='word_1_122' title='bbox 1062 1580 1244 1666; x_wconf 82' lang='grc' dir='ltr'><strong><em>Αὔγουστος</em></strong></span> <span class='ocrx_word' id='word_1_123' title='bbox 1259 1595 1284 1650; x_wconf 83' lang='lat' dir='ltr'>D</span> 
     </span>
     <span class='ocr_line' id='line_1_14' title="bbox 139 1682 1246 1776; baseline -0.003 -25"><span class='ocrx_word' id='word_1_124' title='bbox 139 1687 180 1752; x_wconf 84' lang='grc' dir='ltr'><strong><em>τιλ</em></strong></span> <span class='ocrx_word' id='word_1_125' title='bbox 198 1688 230 1750; x_wconf 92' lang='grc' dir='ltr'><strong><em>ἐν</em></strong></span> <span class='ocrx_word' id='word_1_126' title='bbox 246 1692 285 1772; x_wconf 81' lang='grc' dir='ltr'><strong><em>τῇ</em></strong></span> <span class='ocrx_word' id='word_1_127' title='bbox 302 1687 424 1776; x_wconf 86' lang='grc' dir='ltr'><strong><em>Σικελίρ</em></strong></span> <span class='ocrx_word' id='word_1_128' title='bbox 449 1684 606 1768; x_wconf 75' lang='grc' dir='ltr'><strong><em>διοικήσας</em></strong></span> <span class='ocrx_word' id='word_1_129' title='bbox 631 1689 674 1762; x_wconf 84' lang='grc' dir='ltr'><strong><em>είς</em></strong></span> <span class='ocrx_word' id='word_1_130' title='bbox 695 1684 750 1769; x_wconf 84' lang='grc' dir='ltr'><strong><em>τήν</em></strong></span> <span class='ocrx_word' id='word_1_131' title='bbox 769 1682 903 1750; x_wconf 81' lang='grc' dir='ltr'><strong><em>Ἑλλάδα</em></strong></span> <span class='ocrx_word' id='word_1_132' title='bbox 925 1682 1118 1770; x_wconf 70' lang='grc' dir='ltr'><strong><em>ἐπεραιώθη,</em></strong></span> <span class='ocrx_word' id='word_1_133' title='bbox 1141 1687 1194 1749; x_wconf 87' lang='grc' dir='ltr'><strong><em>καλ</em></strong></span> <span class='ocrx_word' id='word_1_134' title='bbox 1210 1683 1246 1749; x_wconf 89' lang='grc' dir='ltr'><strong><em>τδ</em></strong></span> 
     </span>
     <span class='ocr_line' id='line_1_15' title="bbox 136 1784 1249 1880; baseline 0.002 -28"><span class='ocrx_word' id='word_1_135' title='bbox 136 1785 313 1872; x_wconf 78' lang='grc' dir='ltr'><strong><em>Ἑλληνικὸν</em></strong></span> <span class='ocrx_word' id='word_1_136' title='bbox 329 1788 482 1873; x_wconf 75' lang='grc' dir='ltr'><strong><em>διαγαγὼν</em></strong></span> <span class='ocrx_word' id='word_1_137' title='bbox 500 1791 542 1866; x_wconf 82' lang='grc' dir='ltr'><strong><em>είς</em></strong></span> <span class='ocrx_word' id='word_1_138' title='bbox 558 1791 614 1874; x_wconf 81' lang='grc' dir='ltr'><strong><em>τήν</em></strong></span> <span class='ocrx_word' id='word_1_139' title='bbox 631 1785 737 1872; x_wconf 92' lang='grc' dir='ltr'><strong><em>Σάμον</em></strong></span> <span class='ocrx_word' id='word_1_140' title='bbox 753 1787 877 1855; x_wconf 71' lang='grc' dir='ltr'><strong><em>ἔπλευσε</em></strong></span> <span class='ocrx_word' id='word_1_141' title='bbox 885 1837 896 1869; x_wconf 88' lang='grc'><strong><em>,</em></strong></span> <span class='ocrx_word' id='word_1_142' title='bbox 921 1788 1011 1853; x_wconf 83' lang='grc' dir='ltr'><strong><em>κᾶκεῖ</em></strong></span> <span class='ocrx_word' id='word_1_143' title='bbox 1027 1784 1180 1880; x_wconf 78' lang='grc' dir='ltr'><strong><em>χειμάσας</em></strong></span> <span class='ocrx_word' id='word_1_144' title='bbox 1205 1791 1249 1865; x_wconf 73' lang='grc' dir='ltr'><strong><em>εἷς</em></strong></span> 
     </span>
     <span class='ocr_line' id='line_1_16' title="bbox 101 1890 1248 1980; baseline 0.001 -24"><span class='ocrx_word' id='word_1_145' title='bbox 101 1891 199 1976; x_wconf 75' lang='grc' dir='ltr'><strong><em>ῐοτήν</em></strong></span> <span class='ocrx_word' id='word_1_146' title='bbox 219 1891 320 1956; x_wconf 78' lang='grc' dir='ltr'><strong><em>Ἀσίαν</em></strong></span> <span class='ocrx_word' id='word_1_147' title='bbox 336 1892 368 1956; x_wconf 89' lang='grc' dir='ltr'><strong><em>ἐν</em></strong></span> <span class='ocrx_word' id='word_1_148' title='bbox 390 1899 434 1980; x_wconf 75' lang='grc' dir='ltr'><strong><em>τῷ</em></strong></span> <span class='ocrx_word' id='word_1_149' title='bbox 455 1891 523 1977; x_wconf 76' lang='grc' dir='ltr'><strong><em>ὔαρι</em></strong></span> <span class='ocrx_word' id='word_1_150' title='bbox 546 1894 706 1976; x_wconf 86' lang='grc' dir='ltr'><strong><em>ἐκομίσθη,</em></strong></span> <span class='ocrx_word' id='word_1_151' title='bbox 732 1895 783 1957; x_wconf 77' lang='grc' dir='ltr'><strong><em>καὶ</em></strong></span> <span class='ocrx_word' id='word_1_152' title='bbox 806 1890 845 1957; x_wconf 87' lang='grc' dir='ltr'><strong><em>τά</em></strong></span> <span class='ocrx_word' id='word_1_153' title='bbox 871 1917 905 1958; x_wconf 88' lang='grc' dir='ltr'><strong><em>τε</em></strong></span> <span class='ocrx_word' id='word_1_154' title='bbox 930 1892 995 1957; x_wconf 82' lang='grc' dir='ltr'><strong><em>ἐκεῖ</em></strong></span> <span class='ocrx_word' id='word_1_155' title='bbox 1013 1893 1064 1956; x_wconf 84' lang='grc' dir='ltr'><strong><em>καλ</em></strong></span> <span class='ocrx_word' id='word_1_156' title='bbox 1088 1890 1129 1957; x_wconf 86' lang='grc' dir='ltr'><strong><em>τδ</em></strong></span> <span class='ocrx_word' id='word_1_157' title='bbox 1151 1891 1185 1957; x_wconf 88' lang='grc' dir='ltr'><strong><em>ἐν</em></strong></span> <span class='ocrx_word' id='word_1_158' title='bbox 1206 1898 1248 1979; x_wconf 76' lang='grc' dir='ltr'><strong><em>τῇ</em></strong></span> 
     </span>
     <span class='ocr_line' id='line_1_17' title="bbox 140 1991 1248 2085; baseline 0.002 -25"><span class='ocrx_word' id='word_1_159' title='bbox 140 1996 277 2085; x_wconf 84' lang='grc' dir='ltr'><strong><em>Βιθυνίρι</em></strong></span> <span class='ocrx_word' id='word_1_160' title='bbox 294 1994 425 2073; x_wconf 88' lang='grc' dir='ltr'><strong><em>διίταξε,</em></strong></span> <span class='ocrx_word' id='word_1_161' title='bbox 441 1999 492 2059; x_wconf 85' lang='grc' dir='ltr'><strong><em>καί</em></strong></span> <span class='ocrx_word' id='word_1_162' title='bbox 508 1995 580 2073; x_wconf 82' lang='grc' dir='ltr'><strong><em>τοδς</em></strong></span> <span class='ocrx_word' id='word_1_163' title='bbox 597 1995 785 2080; x_wconf 86' lang='grc' dir='ltr'><strong><em>Κυζικηνοδς</em></strong></span> <span class='ocrx_word' id='word_1_164' title='bbox 800 1991 1003 2074; x_wconf 75' lang='grc' dir='ltr'><strong><em>ἐδουλώσατο,</em></strong></span> <span class='ocrx_word' id='word_1_165' title='bbox 1020 1992 1068 2061; x_wconf 82' lang='grc' dir='ltr'><strong><em>ὅτι</em></strong></span> <span class='ocrx_word' id='word_1_166' title='bbox 1079 1991 1248 2078; x_wconf 82' lang='grc' dir='ltr'><strong><em>Ῥωμαίους</em></strong></span> 
     </span>
     <span class='ocr_line' id='line_1_18' title="bbox 71 2093 1248 2186; baseline 0 -24"><span class='ocrx_word' id='word_1_167' title='bbox 71 2151 78 2170; x_wconf 85' lang='grc'><strong><em>,</em></strong></span> <span class='ocrx_word' id='word_1_168' title='bbox 140 2095 225 2174; x_wconf 84' lang='grc' dir='ltr'><strong><em>τινάς</em></strong></span> <span class='ocrx_word' id='word_1_169' title='bbox 240 2093 486 2184; x_wconf 82' lang='grc' dir='ltr'><strong><em>μαστιγιίσαντες</em></strong></span> <span class='ocrx_word' id='word_1_170' title='bbox 501 2097 646 2164; x_wconf 65' lang='grc' dir='ltr'><strong><em>ἔκτειναν·</em></strong></span> <span class='ocrx_word' id='word_1_171' title='bbox 678 2099 713 2164; x_wconf 90' lang='grc' dir='ltr'><strong><em>τδ</em></strong></span> <span class='ocrx_word' id='word_1_172' title='bbox 737 2099 812 2165; x_wconf 74' lang='lat' dir='ltr'><strong>ariri</strong></span> <span class='ocrx_word' id='word_1_173' title='bbox 833 2101 868 2164; x_wconf 86' lang='grc' dir='ltr'><strong><em>δέ</em></strong></span> <span class='ocrx_word' id='word_1_174' title='bbox 888 2101 940 2164; x_wconf 84' lang='grc' dir='ltr'><strong><em>καλ</em></strong></span> <span class='ocrx_word' id='word_1_175' title='bbox 963 2107 1027 2174; x_wconf 75' lang='grc' dir='ltr'><strong><em>τοῖς</em></strong></span> <span class='ocrx_word' id='word_1_176' title='bbox 1044 2101 1171 2186; x_wconf 85' lang='grc' dir='ltr'><strong><em>Τυρίοις</em></strong></span> <span class='ocrx_word' id='word_1_177' title='bbox 1195 2101 1248 2164; x_wconf 80' lang='grc' dir='ltr'><strong><em>καί</em></strong></span> 
     </span>
     <span class='ocr_line' id='line_1_19' title="bbox 139 2196 1301 2291; baseline -0.003 -27"><span class='ocrx_word' id='word_1_178' title='bbox 139 2209 206 2278; x_wconf 76' lang='grc' dir='ltr'><strong><em>τοῖς</em></strong></span> <span class='ocrx_word' id='word_1_179' title='bbox 220 2203 378 2278; x_wconf 81' lang='grc' dir='ltr'><strong><em>Σιδωνίοις</em></strong></span> <span class='ocrx_word' id='word_1_180' title='bbox 402 2202 550 2286; x_wconf 88' lang='grc' dir='ltr'><strong><em>ἐποίησεν,</em></strong></span> <span class='ocrx_word' id='word_1_181' title='bbox 575 2204 607 2266; x_wconf 89' lang='grc' dir='ltr'><strong><em>ἐν</em></strong></span> <span class='ocrx_word' id='word_1_182' title='bbox 632 2207 671 2286; x_wconf 83' lang='grc' dir='ltr'><strong><em>τῇ</em></strong></span> <span class='ocrx_word' id='word_1_183' title='bbox 694 2204 793 2291; x_wconf 84' lang='grc' dir='ltr'><strong><em>Συρίρ</em></strong></span> <span class='ocrx_word' id='word_1_184' title='bbox 816 2199 984 2283; x_wconf 82' lang='grc' dir='ltr'><strong><em>γενόμενος.</em></strong></span> <span class='ocrx_word' id='word_1_185' title='bbox 1032 2196 1187 2283; x_wconf 81' lang='grc' dir='ltr'><strong><em>ήἸουλία</em></strong></span> <span class='ocrx_word' id='word_1_186' title='bbox 1213 2202 1249 2265; x_wconf 87' lang='grc' dir='ltr'><strong><em>δέ</em></strong></span> <span class='ocrx_word' id='word_1_187' title='bbox 1290 2241 1301 2260; x_wconf 85' lang='grc'><strong>.</strong></span> 
     </span>
     <span class='ocr_line' id='line_1_20' title="bbox 139 2299 1248 2387; baseline -0.002 -19"><span class='ocrx_word' id='word_1_188' title='bbox 139 2303 192 2368; x_wconf 86' lang='grc' dir='ltr'><strong><em>τδν</em></strong></span> <span class='ocrx_word' id='word_1_189' title='bbox 208 2302 303 2371; x_wconf 81' lang='grc' dir='ltr'><strong><em>Γάϊον</em></strong></span> <span class='ocrx_word' id='word_1_190' title='bbox 321 2304 411 2370; x_wconf 76' lang='grc' dir='ltr'><strong><em>ὔτεκε.</em></strong></span> <span class='ocrx_word' id='word_1_191' title='bbox 461 2305 511 2368; x_wconf 83' lang='grc' dir='ltr'><strong><em>καλ</em></strong></span> <span class='ocrx_word' id='word_1_192' title='bbox 532 2299 548 2366; x_wconf 83' lang='grc' dir='ltr'><strong><em>ὃ</em></strong></span> <span class='ocrx_word' id='word_1_193' title='bbox 566 2302 746 2387; x_wconf 91' lang='grc' dir='ltr'><strong><em>Αὔγουστος</em></strong></span> <span class='ocrx_word' id='word_1_194' title='bbox 764 2305 864 2366; x_wconf 77' lang='grc' dir='ltr'><strong><em>ἐθνῶν</em></strong></span> <span class='ocrx_word' id='word_1_195' title='bbox 887 2299 1049 2385; x_wconf 76' lang='grc' dir='ltr'><strong><em>ἡγεμονίας</em></strong></span> <span class='ocrx_word' id='word_1_196' title='bbox 1064 2305 1125 2366; x_wconf 86' lang='grc' dir='ltr'><strong><em>τισλ</em></strong></span> <span class='ocrx_word' id='word_1_197' title='bbox 1151 2302 1248 2367; x_wconf 82' lang='grc' dir='ltr'><strong><em>δεδω-</em></strong></span> 
     </span>
    </p>
   </div>
   <div class='ocr_carea' id='block_1_3' title="bbox 102 2395 1374 2804">
    <p class='ocr_par' dir='ltr' id='par_1_3' title="bbox 102 2395 1374 2804">
     <span class='ocr_line' id='line_1_21' title="bbox 102 2395 1247 2490; baseline -0.006 -14"><span class='ocrx_word' id='word_1_198' title='bbox 102 2407 202 2483; x_wconf 72' lang='grc' dir='ltr'><strong><em>λῦκδις</em></strong></span> <span class='ocrx_word' id='word_1_199' title='bbox 224 2409 395 2490; x_wconf 83' lang='grc' dir='ltr'><strong><em>ἐπανῆλθεν</em></strong></span> <span class='ocrx_word' id='word_1_200' title='bbox 413 2407 456 2482; x_wconf 80' lang='grc' dir='ltr'><strong><em>είς</em></strong></span> <span class='ocrx_word' id='word_1_201' title='bbox 472 2402 589 2487; x_wconf 86' lang='grc' dir='ltr'><strong><em>Σάμον,</em></strong></span> <span class='ocrx_word' id='word_1_202' title='bbox 615 2405 703 2470; x_wconf 82' lang='grc' dir='ltr'><strong><em>κάκεῖ</em></strong></span> <span class='ocrx_word' id='word_1_203' title='bbox 721 2407 772 2468; x_wconf 80' lang='grc' dir='ltr'><strong><em>καί</em></strong></span> <span class='ocrx_word' id='word_1_204' title='bbox 796 2395 891 2480; x_wconf 78' lang='grc' dir='ltr'><strong><em>αὖθις</em></strong></span> <span class='ocrx_word' id='word_1_205' title='bbox 913 2405 1052 2486; x_wconf 82' lang='grc' dir='ltr'><strong><em>ἐχείμασε</em></strong></span> <span class='ocrx_word' id='word_1_206' title='bbox 1074 2406 1125 2469; x_wconf 76' lang='grc' dir='ltr'><strong><em>καὶ</em></strong></span> <span class='ocrx_word' id='word_1_207' title='bbox 1148 2404 1247 2469; x_wconf 82' lang='grc' dir='ltr'><strong><em>πολλδ</em></strong></span> 
     </span>
     <span class='ocr_line' id='line_1_22' title="bbox 140 2507 1248 2598; baseline -0.003 -24"><span class='ocrx_word' id='word_1_208' title='bbox 140 2508 308 2598; x_wconf 80' lang='grc' dir='ltr'><strong><em>διῴκησεν·</em></strong></span> <span class='ocrx_word' id='word_1_209' title='bbox 343 2509 488 2595; x_wconf 72' lang='grc' dir='ltr'><strong><em>ἀφίκοντο</em></strong></span> <span class='ocrx_word' id='word_1_210' title='bbox 514 2509 573 2594; x_wconf 83' lang='grc' dir='ltr'><strong><em>γάρ</em></strong></span> <span class='ocrx_word' id='word_1_211' title='bbox 600 2507 736 2573; x_wconf 80' lang='grc' dir='ltr'><strong><em>ἐνταῦθα</em></strong></span> <span class='ocrx_word' id='word_1_212' title='bbox 762 2513 919 2594; x_wconf 76' lang='grc' dir='ltr'><strong><em>πρεσβεῖαι</em></strong></span> <span class='ocrx_word' id='word_1_213' title='bbox 945 2511 1100 2571; x_wconf 77' lang='grc' dir='ltr'><strong><em>πλεῖσται·</em></strong></span> <span class='ocrx_word' id='word_1_214' title='bbox 1135 2507 1188 2572; x_wconf 82' lang='grc' dir='ltr'><strong><em>καλ</em></strong></span> <span class='ocrx_word' id='word_1_215' title='bbox 1217 2507 1248 2571; x_wconf 83' lang='lat' dir='ltr'><strong><em>ei</em></strong></span> 
     </span>
     <span class='ocr_line' id='line_1_23' title="bbox 135 2607 1247 2698; baseline -0.002 -22"><span class='ocrx_word' id='word_1_216' title='bbox 135 2611 227 2676; x_wconf 79' lang='grc' dir='ltr'><strong><em>Ἰνδοὶ</em></strong></span> <span class='ocrx_word' id='word_1_217' title='bbox 255 2609 323 2677; x_wconf 80' lang='grc' dir='ltr'><strong><em>τότε</em></strong></span> <span class='ocrx_word' id='word_1_218' title='bbox 350 2613 454 2698; x_wconf 85' lang='grc' dir='ltr'><strong><em>φιλίαν</em></strong></span> <span class='ocrx_word' id='word_1_219' title='bbox 480 2607 678 2693; x_wconf 84' lang='grc' dir='ltr'><strong><em>ἐποιήσαντο,</em></strong></span> <span class='ocrx_word' id='word_1_220' title='bbox 717 2613 802 2696; x_wconf 79' lang='grc' dir='ltr'><strong><em>δῶρα</em></strong></span> <span class='ocrx_word' id='word_1_221' title='bbox 830 2611 1007 2695; x_wconf 79' lang='grc' dir='ltr'><strong><em>πίμψιιντες</em></strong></span> <span class='ocrx_word' id='word_1_222' title='bbox 1032 2607 1112 2675; x_wconf 77' lang='grc' dir='ltr'><strong><em>ἄλλα</em></strong></span> <span class='ocrx_word' id='word_1_223' title='bbox 1135 2635 1168 2675; x_wconf 94' lang='grc' dir='ltr'><strong><em>τε</em></strong></span> <span class='ocrx_word' id='word_1_224' title='bbox 1195 2613 1247 2675; x_wconf 89' lang='grc' dir='ltr'><strong><em>καλ</em></strong></span> 
     </span>
     <span class='ocr_line' id='line_1_24' title="bbox 140 2705 1374 2804; baseline 0.003 -23"><span class='ocrx_word' id='word_1_225' title='bbox 140 2715 268 2804; x_wconf 87' lang='grc' dir='ltr'><strong><em>τίγρεις,</em></strong></span> <span class='ocrx_word' id='word_1_226' title='bbox 294 2719 415 2802; x_wconf 77' lang='grc' dir='ltr'><strong><em>πρῶτον</em></strong></span> <span class='ocrx_word' id='word_1_227' title='bbox 429 2710 496 2780; x_wconf 82' lang='grc' dir='ltr'><strong><em>τότε</em></strong></span> <span class='ocrx_word' id='word_1_228' title='bbox 517 2710 677 2798; x_wconf 84' lang='grc' dir='ltr'><strong><em>Ῥωμαίοις</em></strong></span> <span class='ocrx_word' id='word_1_229' title='bbox 700 2714 862 2802; x_wconf 82' lang='grc' dir='ltr'><strong><em>ὀφθείσας.</em></strong></span> <span class='ocrx_word' id='word_1_230' title='bbox 913 2705 1006 2790; x_wconf 83' lang='grc' dir='ltr'><strong><em>αὔθίς</em></strong></span> <span class='ocrx_word' id='word_1_231' title='bbox 1027 2737 1061 2780; x_wconf 91' lang='grc' dir='ltr'><strong><em>τε</em></strong></span> <span class='ocrx_word' id='word_1_232' title='bbox 1085 2711 1192 2792; x_wconf 87' lang='grc' dir='ltr'><strong><em>στάσις</em></strong></span> <span class='ocrx_word' id='word_1_233' title='bbox 1213 2714 1246 2780; x_wconf 90' lang='grc' dir='ltr'><strong><em>ἐν</em></strong></span> <span class='ocrx_word' id='word_1_234' title='bbox 1262 2726 1374 2785; x_wconf 69' lang='lat' dir='ltr'><strong>altat</strong></span> 
     </span>
    </p>
   </div>
   <div class='ocr_carea' id='block_1_4' title="bbox 212 2917 1208 2995">
    <p class='ocr_par' dir='ltr' id='par_1_4' title="bbox 212 2917 1208 2995">
     <span class='ocr_line' id='line_1_25' title="bbox 212 2917 1208 2995; baseline 0 -15"><span class='ocrx_word' id='word_1_235' title='bbox 212 2929 226 2981; x_wconf 93' lang='lat'>1</span> <span class='ocrx_word' id='word_1_236' title='bbox 246 2919 443 2995; x_wconf 84' lang='grc' dir='ltr'><strong><em>α’γαναιιτήσας</em></strong></span> <span class='ocrx_word' id='word_1_237' title='bbox 460 2917 503 2994; x_wconf 86' lang='grc' dir='ltr'><strong><em>δ’]</em></strong></span> <span class='ocrx_word' id='word_1_238' title='bbox 520 2922 569 2978; x_wconf 83' lang='grc' dir='ltr'><strong><em>καλ</em></strong></span> <span class='ocrx_word' id='word_1_239' title='bbox 586 2918 782 2994; x_wconf 84' lang='grc' dir='ltr'><strong><em>άγανακτήσοις</em></strong></span> <span class='ocrx_word' id='word_1_240' title='bbox 797 2924 828 2978; x_wconf 82' lang='grc' dir='ltr'><strong><em>Δ.</em></strong></span> <span class='ocrx_word' id='word_1_241' title='bbox 938 2924 971 2979; x_wconf 84' lang='grc'><strong><em>15</em></strong></span> <span class='ocrx_word' id='word_1_242' title='bbox 988 2939 1018 2978; x_wconf 82' lang='grc' dir='ltr'><strong><em>τε</em></strong></span> <span class='ocrx_word' id='word_1_243' title='bbox 1036 2923 1089 2980; x_wconf 74' lang='grc' dir='ltr'><strong><em>εδδ</em></strong></span> <span class='ocrx_word' id='word_1_244' title='bbox 1107 2923 1130 2978; x_wconf 80' lang='grc' dir='ltr'><strong>Α</strong></span> <span class='ocrx_word' id='word_1_245' title='bbox 1145 2923 1208 2980; x_wconf 82' lang='lat' dir='ltr'><strong>Dio.</strong></span> 
     </span>
    </p>
   </div>
   <div class='ocr_carea' id='block_1_5' title="bbox 48 3097 1341 4359">
    <p class='ocr_par' dir='ltr' id='par_1_5' title="bbox 48 3097 1341 4359">
     <span class='ocr_line' id='line_1_26' title="bbox 140 3097 1247 3182; baseline 0.001 -17"><span class='ocrx_word' id='word_1_246' title='bbox 140 3117 172 3165; x_wconf 80' lang='lat' dir='ltr'><strong><em>nt</em></strong></span> <span class='ocrx_word' id='word_1_247' title='bbox 185 3113 319 3181; x_wconf 74' lang='lat' dir='ltr'><strong>Augustae</strong></span> <span class='ocrx_word' id='word_1_248' title='bbox 337 3111 578 3182; x_wconf 83' lang='lat' dir='ltr'><strong>aprndentioribur</strong></span> <span class='ocrx_word' id='word_1_249' title='bbox 596 3115 784 3163; x_wconf 81' lang='lat' dir='ltr'><strong>areatraretur.</strong></span> <span class='ocrx_word' id='word_1_250' title='bbox 816 3110 843 3163; x_wconf 84' lang='lat' dir='ltr'><strong><em>id</em></strong></span> <span class='ocrx_word' id='word_1_251' title='bbox 861 3109 952 3180; x_wconf 82' lang='lat' dir='ltr'><strong>inique</strong></span> <span class='ocrx_word' id='word_1_252' title='bbox 969 3113 1059 3164; x_wconf 72' lang='lat' dir='ltr'><strong>serene</strong></span> <span class='ocrx_word' id='word_1_253' title='bbox 1075 3110 1171 3179; x_wconf 84' lang='lat' dir='ltr'><strong>animo,</strong></span> <span class='ocrx_word' id='word_1_254' title='bbox 1185 3097 1247 3167; x_wconf 79' lang='lat' dir='ltr'><strong><em>&#39;enm</em></strong></span> 
     </span>
     <span class='ocr_line' id='line_1_27' title="bbox 141 3179 1247 3252; baseline 0.004 -20"><span class='ocrx_word' id='word_1_255' title='bbox 141 3195 228 3252; x_wconf 84' lang='lat' dir='ltr'><strong>neque</strong></span> <span class='ocrx_word' id='word_1_256' title='bbox 246 3179 342 3234; x_wconf 77' lang='lat' dir='ltr'><strong>Romae</strong></span> <span class='ocrx_word' id='word_1_257' title='bbox 364 3197 467 3251; x_wconf 77' lang='lat' dir='ltr'><strong>temper</strong></span> <span class='ocrx_word' id='word_1_258' title='bbox 490 3182 581 3234; x_wconf 77' lang='lat' dir='ltr'><strong>vacari</strong></span> <span class='ocrx_word' id='word_1_259' title='bbox 603 3183 694 3248; x_wconf 78' lang='lat' dir='ltr'><strong>pereat</strong></span> <span class='ocrx_word' id='word_1_260' title='bbox 710 3195 797 3248; x_wconf 84' lang='lat' dir='ltr'><strong>neque</strong></span> <span class='ocrx_word' id='word_1_261' title='bbox 812 3181 903 3232; x_wconf 84' lang='lat' dir='ltr'><strong>arbem</strong></span> <span class='ocrx_word' id='word_1_262' title='bbox 920 3181 977 3233; x_wconf 84' lang='lat' dir='ltr'><strong>rina</strong></span> <span class='ocrx_word' id='word_1_263' title='bbox 995 3179 1150 3249; x_wconf 72' lang='lat' dir='ltr'><strong>magistratu</strong></span> <span class='ocrx_word' id='word_1_264' title='bbox 1165 3181 1247 3236; x_wconf 86' lang='lat' dir='ltr'><strong>relia-</strong></span> 
     </span>
     <span class='ocr_line' id='line_1_28' title="bbox 141 3249 1341 3320; baseline 0.002 -18"><span class='ocrx_word' id='word_1_265' title='bbox 141 3265 224 3318; x_wconf 82' lang='lat' dir='ltr'><strong>quare</strong></span> <span class='ocrx_word' id='word_1_266' title='bbox 241 3251 364 3316; x_wconf 84' lang='lat' dir='ltr'><strong>auderat,</strong></span> <span class='ocrx_word' id='word_1_267' title='bbox 384 3251 418 3302; x_wconf 85' lang='lat' dir='ltr'><strong><em>de</em></strong></span> <span class='ocrx_word' id='word_1_268' title='bbox 435 3251 523 3318; x_wconf 84' lang='lat' dir='ltr'><strong>aliquo</strong></span> <span class='ocrx_word' id='word_1_269' title='bbox 540 3249 583 3302; x_wconf 80' lang='lat' dir='ltr'><strong><em>eui</em></strong></span> <span class='ocrx_word' id='word_1_270' title='bbox 599 3263 720 3300; x_wconf 79' lang='lat' dir='ltr'><strong>rammam</strong></span> <span class='ocrx_word' id='word_1_271' title='bbox 738 3263 824 3301; x_wconf 85' lang='lat' dir='ltr'><strong>reram</strong></span> <span class='ocrx_word' id='word_1_272' title='bbox 841 3249 977 3303; x_wconf 83' lang='lat' dir='ltr'><strong>mandaret</strong></span> <span class='ocrx_word' id='word_1_273' title='bbox 993 3249 1131 3320; x_wconf 74' lang='lat' dir='ltr'><strong>deligendo</strong></span> <span class='ocrx_word' id='word_1_274' title='bbox 1147 3250 1248 3304; x_wconf 79' lang='lat' dir='ltr'><strong>deliba-</strong></span> <span class='ocrx_word' id='word_1_275' title='bbox 1334 3304 1341 3314; x_wconf 67' lang='grc'><strong><em>,</em></strong></span> 
     </span>
     <span class='ocr_line' id='line_1_29' title="bbox 48 3317 1249 3388; baseline 0.002 -16"><span class='ocrx_word' id='word_1_276' title='bbox 48 3348 53 3362; x_wconf 91' lang='lat'><strong>·</strong></span> <span class='ocrx_word' id='word_1_277' title='bbox 140 3321 221 3374; x_wconf 81' lang='lat' dir='ltr'><strong>ravit.</strong></span> <span class='ocrx_word' id='word_1_278' title='bbox 257 3337 333 3388; x_wconf 84' lang='lat' dir='ltr'><strong>qnam</strong></span> <span class='ocrx_word' id='word_1_279' title='bbox 352 3319 386 3372; x_wconf 82' lang='lat' dir='ltr'><strong><em>ad</em></strong></span> <span class='ocrx_word' id='word_1_280' title='bbox 400 3335 456 3372; x_wconf 87' lang='lat' dir='ltr'><strong><em>rem</em></strong></span> <span class='ocrx_word' id='word_1_281' title='bbox 475 3333 532 3370; x_wconf 86' lang='lat' dir='ltr'><strong><em>eum</em></strong></span> <span class='ocrx_word' id='word_1_282' title='bbox 551 3317 700 3387; x_wconf 73' lang='lat' dir='ltr'><strong>aptissimus</strong></span> <span class='ocrx_word' id='word_1_283' title='bbox 716 3318 836 3387; x_wconf 78' lang='lat' dir='ltr'>Agrippa</span> <span class='ocrx_word' id='word_1_284' title='bbox 850 3317 1002 3385; x_wconf 80' lang='lat' dir='ltr'><strong>videretur,</strong></span> <span class='ocrx_word' id='word_1_285' title='bbox 1030 3329 1057 3371; x_wconf 85' lang='lat' dir='ltr'><strong><em>et</em></strong></span> <span class='ocrx_word' id='word_1_286' title='bbox 1097 3334 1131 3372; x_wconf 85' lang='lat' dir='ltr'><strong><em>no</em></strong></span> <span class='ocrx_word' id='word_1_287' title='bbox 1156 3321 1249 3375; x_wconf 76' lang='lat' dir='ltr'><strong>maiori</strong></span> 
     </span>
     <span class='ocr_line' id='line_1_30' title="bbox 141 3386 1248 3456; baseline 0.002 -14"><span class='ocrx_word' id='word_1_288' title='bbox 141 3397 213 3442; x_wconf 79' lang='lat' dir='ltr'><strong>erret</strong></span> <span class='ocrx_word' id='word_1_289' title='bbox 230 3389 398 3452; x_wconf 75' lang='lat' dir='ltr'><strong>anctoritate,</strong></span> <span class='ocrx_word' id='word_1_290' title='bbox 416 3386 570 3455; x_wconf 77' lang='lat' dir='ltr'><strong>dignitatem</strong></span> <span class='ocrx_word' id='word_1_291' title='bbox 587 3386 657 3439; x_wconf 69' lang='lat' dir='ltr'><strong>illine</strong></span> <span class='ocrx_word' id='word_1_292' title='bbox 674 3401 771 3454; x_wconf 74' lang='lat' dir='ltr'><strong>augere</strong></span> <span class='ocrx_word' id='word_1_293' title='bbox 787 3387 876 3453; x_wconf 80' lang='lat' dir='ltr'><strong>vellet,</strong></span> <span class='ocrx_word' id='word_1_294' title='bbox 894 3403 951 3439; x_wconf 83' lang='lat' dir='ltr'><strong><em>aum</em></strong></span> <span class='ocrx_word' id='word_1_295' title='bbox 962 3387 1052 3456; x_wconf 73' lang='lat' dir='ltr'><strong>coegit</strong></span> <span class='ocrx_word' id='word_1_296' title='bbox 1101 3388 1155 3442; x_wconf 85' lang='lat' dir='ltr'><strong>ieta</strong></span> <span class='ocrx_word' id='word_1_297' title='bbox 1165 3403 1248 3445; x_wconf 79' lang='lat' dir='ltr'><strong>uxore</strong></span> 
     </span>
     <span class='ocr_line' id='line_1_31' title="bbox 141 3455 1249 3527; baseline 0.003 -17"><span class='ocrx_word' id='word_1_298' title='bbox 141 3455 233 3512; x_wconf 76' lang='lat' dir='ltr'><strong>iniiam</strong></span> <span class='ocrx_word' id='word_1_299' title='bbox 250 3457 328 3510; x_wconf 83' lang='lat' dir='ltr'><strong>filiam</strong></span> <span class='ocrx_word' id='word_1_300' title='bbox 347 3457 461 3519; x_wconf 68' lang='lat' dir='ltr'><strong>ducere,</strong></span> <span class='ocrx_word' id='word_1_301' title='bbox 489 3471 520 3508; x_wconf 81' lang='grc' dir='ltr'><strong><em>αα</em></strong></span> <span class='ocrx_word' id='word_1_302' title='bbox 537 3455 626 3508; x_wconf 85' lang='lat' dir='ltr'><strong>rtatim</strong></span> <span class='ocrx_word' id='word_1_303' title='bbox 644 3457 749 3508; x_wconf 80' lang='lat' dir='ltr'><strong>Romam</strong></span> <span class='ocrx_word' id='word_1_304' title='bbox 775 3464 804 3507; x_wconf 83' lang='lat' dir='ltr'><strong><em>et</em></strong></span> <span class='ocrx_word' id='word_1_305' title='bbox 826 3456 860 3508; x_wconf 83' lang='lat' dir='ltr'><strong><em>ad</em></strong></span> <span class='ocrx_word' id='word_1_306' title='bbox 883 3457 989 3527; x_wconf 81' lang='lat' dir='ltr'><strong>nuptiae</strong></span> <span class='ocrx_word' id='word_1_307' title='bbox 1012 3457 1203 3512; x_wconf 73' lang='lat' dir='ltr'><strong>contrahendae</strong></span> <span class='ocrx_word' id='word_1_308' title='bbox 1221 3465 1249 3513; x_wconf 86' lang='lat' dir='ltr'><strong><em>et</em></strong></span> 
     </span>
     <span class='ocr_line' id='line_1_32' title="bbox 141 3524 1260 3595; baseline 0.002 -17"><span class='ocrx_word' id='word_1_309' title='bbox 141 3527 175 3578; x_wconf 82' lang='lat' dir='ltr'><strong><em>ad</em></strong></span> <span class='ocrx_word' id='word_1_310' title='bbox 192 3525 373 3594; x_wconf 74' lang='lat' dir='ltr'><strong>magistratum</strong></span> <span class='ocrx_word' id='word_1_311' title='bbox 389 3526 527 3578; x_wconf 84' lang='lat' dir='ltr'><strong>ineundum</strong></span> <span class='ocrx_word' id='word_1_312' title='bbox 546 3541 602 3578; x_wconf 85' lang='lat' dir='ltr'><strong><em>eum</em></strong></span> <span class='ocrx_word' id='word_1_313' title='bbox 620 3524 678 3578; x_wconf 83' lang='lat' dir='ltr'><strong>aliia</strong></span> <span class='ocrx_word' id='word_1_314' title='bbox 697 3526 729 3578; x_wconf 87' lang='lat' dir='ltr'><strong><em>de</em></strong></span> <span class='ocrx_word' id='word_1_315' title='bbox 747 3526 843 3594; x_wconf 74' lang='lat' dir='ltr'><strong>naaria,</strong></span> <span class='ocrx_word' id='word_1_316' title='bbox 860 3531 915 3578; x_wconf 82' lang='lat' dir='ltr'><strong><em>tum</em></strong></span> <span class='ocrx_word' id='word_1_317' title='bbox 932 3526 1001 3595; x_wconf 81' lang='lat' dir='ltr'><strong>qaod</strong></span> <span class='ocrx_word' id='word_1_318' title='bbox 1015 3525 1156 3581; x_wconf 72' lang='lat' dir='ltr'><strong>Maecenat</strong></span> <span class='ocrx_word' id='word_1_319' title='bbox 1172 3529 1260 3583; x_wconf 65' lang='grc' dir='ltr'><strong><em>δίιοὶ.</em></strong></span> 
     </span>
     <span class='ocr_line' id='line_1_33' title="bbox 140 3595 1250 3678; baseline 0.005 -31"><span class='ocrx_word' id='word_1_320' title='bbox 140 3601 186 3647; x_wconf 85' lang='lat' dir='ltr'><strong><em>ret</em></strong></span> <span class='ocrx_word' id='word_1_321' title='bbox 202 3611 261 3648; x_wconf 88' lang='lat' dir='ltr'><strong><em>eum</em></strong></span> <span class='ocrx_word' id='word_1_322' title='bbox 278 3602 378 3647; x_wconf 84' lang='lat' dir='ltr'><strong>tantum</strong></span> <span class='ocrx_word' id='word_1_323' title='bbox 396 3596 569 3649; x_wconf 74' lang='lat' dir='ltr'><strong>antefactum</strong></span> <span class='ocrx_word' id='word_1_324' title='bbox 587 3596 620 3648; x_wconf 84' lang='lat' dir='ltr'><strong><em>ab</em></strong></span> <span class='ocrx_word' id='word_1_325' title='bbox 637 3595 696 3678; x_wconf 76' lang='lat' dir='ltr'><strong>ipro</strong></span> <span class='ocrx_word' id='word_1_326' title='bbox 714 3596 833 3647; x_wconf 73' lang='lat' dir='ltr'><strong>Caesare</strong></span> <span class='ocrx_word' id='word_1_327' title='bbox 849 3601 880 3647; x_wconf 86' lang='lat' dir='ltr'><strong><em>ut</em></strong></span> <span class='ocrx_word' id='word_1_328' title='bbox 897 3603 945 3648; x_wconf 86' lang='lat' dir='ltr'><strong><em>aut</em></strong></span> <span class='ocrx_word' id='word_1_329' title='bbox 960 3611 1085 3664; x_wconf 75' lang='lat' dir='ltr'>generum</span> <span class='ocrx_word' id='word_1_330' title='bbox 1103 3597 1186 3668; x_wconf 73' lang='lat' dir='ltr'><strong>&lt;tetigi</strong></span> <span class='ocrx_word' id='word_1_331' title='bbox 1202 3605 1250 3652; x_wconf 78' lang='lat' dir='ltr'><strong><em>aut</em></strong></span> 
     </span>
     <span class='ocr_line' id='line_1_34' title="bbox 142 3663 1249 3733; baseline 0.007 -19"><span class='ocrx_word' id='word_1_332' title='bbox 142 3663 227 3716; x_wconf 84' lang='lat' dir='ltr'><strong>oeeidi</strong></span> <span class='ocrx_word' id='word_1_333' title='bbox 244 3671 394 3732; x_wconf 76' lang='lat' dir='ltr'>oporteret,</span> <span class='ocrx_word' id='word_1_334' title='bbox 413 3663 556 3730; x_wconf 71' lang='lat' dir='ltr'><strong>ablegavit.</strong></span> <span class='ocrx_word' id='word_1_335' title='bbox 591 3665 711 3732; x_wconf 77' lang='lat' dir='ltr'><strong>Agrippa</strong></span> <span class='ocrx_word' id='word_1_336' title='bbox 732 3663 814 3733; x_wconf 81' lang='lat' dir='ltr'><strong>igitur</strong></span> <span class='ocrx_word' id='word_1_337' title='bbox 836 3679 890 3717; x_wconf 86' lang='lat' dir='ltr'><strong><em>rem</em></strong></span> <span class='ocrx_word' id='word_1_338' title='bbox 910 3663 1055 3718; x_wconf 86' lang='lat' dir='ltr'><strong>Romanam</strong></span> <span class='ocrx_word' id='word_1_339' title='bbox 1076 3666 1249 3722; x_wconf 63' lang='lat' dir='ltr'><strong>flammantem</strong></span> 
     </span>
     <span class='ocr_line' id='line_1_35' title="bbox 140 3733 1251 3874; baseline 0.005 -18"><span class='ocrx_word' id='word_1_340' title='bbox 140 3733 711 3870; x_wconf 54' lang='lat' dir='ltr'><strong><em>mitt*xtttsibitt‘itt‘z</em></strong></span> <span class='ocrx_word' id='word_1_341' title='bbox 733 3733 1135 3874; x_wconf 59' lang='lat' dir='ltr'><strong><em>{b{?t¹530‘¹t{ttzs¹t</em></strong></span> <span class='ocrx_word' id='word_1_342' title='bbox 1151 3738 1251 3861; x_wconf 60' lang='lat' dir='ltr'><strong><em>tbi</em></strong></span> 
     </span>
     <span class='ocr_line' id='line_1_36' title="bbox 483 3840 490 3868; baseline 0 0"><span class='ocrx_word' id='word_1_343' title='bbox 483 3840 490 3868; x_wconf 79' lang='lat' dir='ltr'><strong>i</strong></span> 
     </span>
     <span class='ocr_line' id='line_1_37' title="bbox 142 3872 1248 3942; baseline 0.004 -18"><span class='ocrx_word' id='word_1_344' title='bbox 142 3873 280 3940; x_wconf 77' lang='lat' dir='ltr'><strong>profectur</strong></span> <span class='ocrx_word' id='word_1_345' title='bbox 305 3887 361 3924; x_wconf 85' lang='lat' dir='ltr'><strong><em>eum</em></strong></span> <span class='ocrx_word' id='word_1_346' title='bbox 385 3888 441 3924; x_wconf 81' lang='lat' dir='ltr'><strong><em>eam</em></strong></span> <span class='ocrx_word' id='word_1_347' title='bbox 465 3873 624 3942; x_wconf 79' lang='lat' dir='ltr'><strong>provinciam</strong></span> <span class='ocrx_word' id='word_1_348' title='bbox 648 3881 675 3924; x_wconf 87' lang='lat' dir='ltr'><strong><em>et</em></strong></span> <span class='ocrx_word' id='word_1_349' title='bbox 697 3872 847 3940; x_wconf 77' lang='lat' dir='ltr'><strong>Bithyniam</strong></span> <span class='ocrx_word' id='word_1_350' title='bbox 864 3873 1028 3941; x_wconf 74' lang='lat' dir='ltr'><strong>ordinasset,</strong></span> <span class='ocrx_word' id='word_1_351' title='bbox 1053 3874 1203 3942; x_wconf 76' lang='lat' dir='ltr'><strong>Cyzicenoa</strong></span> <span class='ocrx_word' id='word_1_352' title='bbox 1219 3875 1248 3928; x_wconf 86' lang='lat' dir='ltr'><strong><em>in</em></strong></span> 
     </span>
     <span class='ocr_line' id='line_1_38' title="bbox 142 3939 1247 4011; baseline 0.006 -20"><span class='ocrx_word' id='word_1_353' title='bbox 142 3941 296 3995; x_wconf 73' lang='lat' dir='ltr'><strong>servitutem</strong></span> <span class='ocrx_word' id='word_1_354' title='bbox 312 3939 425 4010; x_wconf 79' lang='lat' dir='ltr'><strong>redegit,</strong></span> <span class='ocrx_word' id='word_1_355' title='bbox 442 3942 512 4011; x_wconf 83' lang='lat' dir='ltr'><strong>qaod</strong></span> <span class='ocrx_word' id='word_1_356' title='bbox 529 3941 659 3995; x_wconf 83' lang='lat' dir='ltr'><strong>Romanor</strong></span> <span class='ocrx_word' id='word_1_357' title='bbox 674 3941 747 3995; x_wconf 80' lang='lat' dir='ltr'><strong>cirea</strong></span> <span class='ocrx_word' id='word_1_358' title='bbox 764 3941 855 4011; x_wconf 75' lang='lat' dir='ltr'><strong>flagri·</strong></span> <span class='ocrx_word' id='word_1_359' title='bbox 872 3959 962 3995; x_wconf 81' lang='grc' dir='ltr'><strong><em>οεοιοι</em></strong></span> <span class='ocrx_word' id='word_1_360' title='bbox 980 3944 1137 4002; x_wconf 75' lang='lat' dir='ltr'><strong>occiderant.</strong></span> <span class='ocrx_word' id='word_1_361' title='bbox 1156 3945 1247 3998; x_wconf 66' lang='lat' dir='ltr'><strong><em>eodm</em></strong></span> 
     </span>
     <span class='ocr_line' id='line_1_39' title="bbox 142 4009 1250 4081; baseline 0.004 -20"><span class='ocrx_word' id='word_1_362' title='bbox 142 4013 217 4064; x_wconf 83' lang='lat' dir='ltr'><strong>modo</strong></span> <span class='ocrx_word' id='word_1_363' title='bbox 236 4011 337 4078; x_wconf 75' lang='lat' dir='ltr'><strong>Tyrion</strong></span> <span class='ocrx_word' id='word_1_364' title='bbox 356 4022 383 4064; x_wconf 85' lang='lat' dir='ltr'><strong><em>at</em></strong></span> <span class='ocrx_word' id='word_1_365' title='bbox 399 4009 536 4078; x_wconf 71' lang='lat' dir='ltr'><strong>Sidonios,</strong></span> <span class='ocrx_word' id='word_1_366' title='bbox 562 4027 618 4063; x_wconf 85' lang='lat' dir='ltr'><strong><em>cum</em></strong></span> <span class='ocrx_word' id='word_1_367' title='bbox 642 4011 670 4062; x_wconf 93' lang='lat' dir='ltr'><strong><em>in</em></strong></span> <span class='ocrx_word' id='word_1_368' title='bbox 688 4011 793 4080; x_wconf 78' lang='lat' dir='ltr'><strong>Syriam</strong></span> <span class='ocrx_word' id='word_1_369' title='bbox 816 4011 949 4081; x_wconf 78' lang='lat' dir='ltr'><strong>reniteat,</strong></span> <span class='ocrx_word' id='word_1_370' title='bbox 972 4014 1111 4066; x_wconf 72' lang='lat' dir='ltr'><strong>tractavit.</strong></span> <span class='ocrx_word' id='word_1_371' title='bbox 1145 4014 1250 4065; x_wconf 75' lang='lat' dir='ltr'><strong>interea</strong></span> 
     </span>
     <span class='ocr_line' id='line_1_40' title="bbox 142 4075 1245 4150; baseline 0.005 -23"><span class='ocrx_word' id='word_1_372' title='bbox 142 4075 208 4133; x_wconf 79' lang='lat' dir='ltr'><strong>latia</strong></span> <span class='ocrx_word' id='word_1_373' title='bbox 226 4079 320 4136; x_wconf 85' lang='lat' dir='ltr'><strong>Gaium</strong></span> <span class='ocrx_word' id='word_1_374' title='bbox 346 4081 461 4150; x_wconf 81' lang='lat' dir='ltr'><strong>peperit.</strong></span> <span class='ocrx_word' id='word_1_375' title='bbox 497 4081 630 4147; x_wconf 71' lang='lat' dir='ltr'><strong>Augurum</strong></span> <span class='ocrx_word' id='word_1_376' title='bbox 647 4080 692 4132; x_wconf 83' lang='lat' dir='ltr'><strong><em>nbi</em></strong></span> <span class='ocrx_word' id='word_1_377' title='bbox 709 4089 797 4133; x_wconf 81' lang='lat' dir='ltr'><strong>certae</strong></span> <span class='ocrx_word' id='word_1_378' title='bbox 813 4079 930 4134; x_wconf 77' lang='lat' dir='ltr'><strong>heminae</strong></span> <span class='ocrx_word' id='word_1_379' title='bbox 966 4083 1092 4135; x_wconf 77' lang='lat' dir='ltr'><strong>revineiir</strong></span> <span class='ocrx_word' id='word_1_380' title='bbox 1107 4081 1245 4150; x_wconf 73' lang='lat' dir='ltr'><strong>praeierit,</strong></span> 
     </span>
     <span class='ocr_line' id='line_1_41' title="bbox 144 4099 1245 4220; baseline 0.006 -24"><span class='ocrx_word' id='word_1_381' title='bbox 144 4145 227 4203; x_wconf 80' lang='lat' dir='ltr'><strong>denuo</strong></span> <span class='ocrx_word' id='word_1_382' title='bbox 245 4149 317 4204; x_wconf 82' lang='lat' dir='ltr'><strong>Sami</strong></span> <span class='ocrx_word' id='word_1_383' title='bbox 335 4149 500 4214; x_wconf 77' lang='lat' dir='ltr'><strong>hibernavit,</strong></span> <span class='ocrx_word' id='word_1_384' title='bbox 525 4148 616 4217; x_wconf 82' lang='lat' dir='ltr'><strong>ibique</strong></span> <span class='ocrx_word' id='word_1_385' title='bbox 637 4148 724 4201; x_wconf 79' lang='lat' dir='ltr'><strong>multia</strong></span> <span class='ocrx_word' id='word_1_386' title='bbox 746 4151 860 4220; x_wconf 71' lang='lat' dir='ltr'><strong>negotiis</strong></span> <span class='ocrx_word' id='word_1_387' title='bbox 881 4158 909 4204; x_wconf 91' lang='lat' dir='ltr'><strong><em>et</em></strong></span> <span class='ocrx_word' id='word_1_388' title='bbox 931 4099 1048 4220; x_wconf 68' lang='lat' dir='ltr'><strong>piurimis</strong></span> <span class='ocrx_word' id='word_1_389' title='bbox 1069 4149 1245 4218; x_wconf 67' lang='lat' dir='ltr'><strong>legationibus</strong></span> 
     </span>
     <span class='ocr_line' id='line_1_42' title="bbox 118 4217 1245 4288; baseline 0.003 -19"><span class='ocrx_word' id='word_1_390' title='bbox 118 4240 120 4244; x_wconf 96' lang='lat'>·</span> <span class='ocrx_word' id='word_1_391' title='bbox 143 4217 275 4273; x_wconf 72' lang='lat' dir='ltr'><strong>rabenna</strong></span> <span class='ocrx_word' id='word_1_392' title='bbox 296 4228 438 4288; x_wconf 79' lang='lat' dir='ltr'><strong>occupatur</strong></span> <span class='ocrx_word' id='word_1_393' title='bbox 454 4218 516 4270; x_wconf 83' lang='lat' dir='ltr'><strong>suit.</strong></span> <span class='ocrx_word' id='word_1_394' title='bbox 550 4227 605 4270; x_wconf 84' lang='lat' dir='ltr'><strong><em>tum</em></strong></span> <span class='ocrx_word' id='word_1_395' title='bbox 623 4217 682 4270; x_wconf 87' lang='lat' dir='ltr'><strong>Indi</strong></span> <span class='ocrx_word' id='word_1_396' title='bbox 699 4219 837 4272; x_wconf 80' lang='lat' dir='ltr'><strong>amicitiam</strong></span> <span class='ocrx_word' id='word_1_397' title='bbox 854 4235 911 4272; x_wconf 84' lang='lat' dir='ltr'><strong><em>eum</em></strong></span> <span class='ocrx_word' id='word_1_398' title='bbox 929 4238 960 4272; x_wconf 90' lang='lat' dir='ltr'><strong><em>eo</em></strong></span> <span class='ocrx_word' id='word_1_399' title='bbox 978 4222 1114 4283; x_wconf 79' lang='lat' dir='ltr'><strong>fecerunt,</strong></span> <span class='ocrx_word' id='word_1_400' title='bbox 1136 4218 1245 4286; x_wconf 75' lang='lat' dir='ltr'><strong>tigridi·</strong></span> 
     </span>
     <span class='ocr_line' id='line_1_43' title="bbox 144 4277 1243 4359; baseline 0.004 -21"><span class='ocrx_word' id='word_1_401' title='bbox 144 4277 192 4338; x_wconf 78' lang='lat' dir='ltr'><strong><em>bar</em></strong></span> <span class='ocrx_word' id='word_1_402' title='bbox 207 4287 274 4343; x_wconf 84' lang='grc' dir='ltr'><strong><em>δοοο</em></strong></span> <span class='ocrx_word' id='word_1_403' title='bbox 290 4290 374 4346; x_wconf 65' lang='lat' dir='ltr'><strong>datiae</strong></span> <span class='ocrx_word' id='word_1_404' title='bbox 391 4304 456 4359; x_wconf 82' lang='lat' dir='ltr'><strong>quar</strong></span> <span class='ocrx_word' id='word_1_405' title='bbox 467 4287 575 4342; x_wconf 73' lang='lat' dir='ltr'><strong>Remum</strong></span> <span class='ocrx_word' id='word_1_406' title='bbox 590 4295 644 4342; x_wconf 82' lang='lat' dir='ltr'><strong><em>tum</em></strong></span> <span class='ocrx_word' id='word_1_407' title='bbox 661 4287 772 4358; x_wconf 83' lang='lat' dir='ltr'><strong>primum</strong></span> <span class='ocrx_word' id='word_1_408' title='bbox 788 4287 918 4344; x_wconf 76' lang='lat' dir='ltr'><strong>viderant</strong></span> <span class='ocrx_word' id='word_1_409' title='bbox 938 4289 1040 4342; x_wconf 78' lang='lat' dir='ltr'><strong>Romae</strong></span> <span class='ocrx_word' id='word_1_410' title='bbox 1055 4293 1142 4340; x_wconf 77' lang='lat' dir='ltr'><strong>antam</strong></span> <span class='ocrx_word' id='word_1_411' title='bbox 1158 4289 1243 4342; x_wconf 77' lang='lat' dir='ltr'><strong>denae</strong></span> 
     </span>
    </p>
   </div>
   <div class='ocr_carea' id='block_1_6' title="bbox 0 0 1532 4809">
    <p class='ocr_par' dir='ltr' id='par_1_6' title="bbox 0 0 1532 4809">
     <span class='ocr_line' id='line_1_44' title="bbox 0 0 1532 4809; baseline 0 0"><span class='ocrx_word' id='word_1_412' title='bbox 0 0 1532 4809; x_wconf 95' lang='lat' dir='ltr'><strong><em> </em></strong></span> 
     </span>
    </p>
   </div>
  </div>
 </body>
</html>
