3050 4809
460 271 674 339 ANNALIUM
696 270 765 337 XII
785 275 836 339 26.
1091 298 1095 309 ’
1120 274 1196 345 605

594 415 601 426 0

92 451 141 528 τῆς
162 442 277 520 πόλεως
299 440 569 527 άπεκρούσθησαν,
596 437 777 518 έπελθάντες
800 443 833 507 δὲ
856 452 922 521 ταῖς
942 440 1090 525 Ἀθήναις
1113 443 1196 512 εἶλον

93 547 189 627 αύτάς.
241 549 291 611 καὶ
315 542 536 629 συναγαγόντες
557 543 656 609 πάντα
673 542 711 609 τά
729 546 760 609 έν
777 550 814 630 τῇ
833 542 916 611 πάλει
932 549 1056 628 βιβλία,
1083 557 1195 615 καῦσαι
1257 590 1264 605 ·

91 658 182 715 ταῦτα
200 648 380 733 ἠβούλοντο.
410 645 453 725 είς
470 650 505 713 δέ
521 674 566 724 τις
583 656 644 713 τῶν
660 654 792 713 συνετῶν
810 648 888 735 παρ’
909 648 1011 725 αὐτοῖς
1028 650 1197 717 δοκούντων

91 754 204 836 ἀπεῖρξε
222 753 293 829 τούς
310 750 486 836 ὁμοφύλους
502 757 557 816 τοῦ
570 747 797 835 ἐγχειρήματος,
816 748 952 836 φάμενος
965 748 1006 826 ῶς
1018 757 1083 835 περὶ
1097 762 1194 820 ταῐτα

67 856 117 921 toi
135 855 275 938 Ἓλληνες
301 852 519 936 ἀσχολούμενοι
544 859 715 933 πολεμικῶν
740 852 904 933 άμελαῖσιν
921 852 1016 937 έργων
1033 859 1081 917 καλ
1101 858 1197 933 ούτως

90 958 254 1044 εὐχείρωτοι
279 960 420 1049 γίνονται.
473 954 656 1038 Κλεόδημος
680 958 714 1020 δὲ
736 956 901 1039 Ἀθηναῖος
928 955 1005 1040 ἀνὴρ
1034 958 1196 1041 διαδρᾶναι

87 1059 213 1142 ἰσχύσας
220 1108 229 1139 ,
256 1063 307 1124 καὶ
332 1066 454 1141 πλῆθος
471 1057 661 1145 συναγωγῶν,
686 1058 764 1140 μετὰ
783 1060 894 1123 πλοίων
912 1060 944 1123 ἔτι
963 1056 1126 1143 θαλάσσης
1143 1062 1197 1123 έπ-

87 1169 180 1243 ῆλθεν
202 1163 306 1238 αὐτοῖς
312 1210 322 1240 ,
348 1165 399 1225 καὶ
424 1162 556 1236 πολλούς
578 1162 704 1239 ἀνεῖλεν,
731 1158 774 1236 ῶς
791 1164 840 1225 καὶ
859 1161 930 1236 τοδς
948 1164 1199 1248 περιλειφθέντας

84 1268 201 1330 ἐἰιεΐθεν
219 1275 334 1352 φυγεῖν.
386 1263 544 1338 Κλαύδιος
568 1266 601 1327 δέ
624 1263 701 1328 κατά
725 1260 842 1327 τούτων
866 1260 1006 1348 ὁρμήσας
1023 1266 1055 1329 έν
1071 1272 1198 1341 πολλαῖς
1267 1326 1272 1337 ,

49 1369 317 1433 1οσιιεδασθέντων
335 1365 469 1451 χώραις,
501 1367 573 1429 ποτέ
596 1369 652 1448 μέν
677 1368 859 1448 ναυμαχίαις
882 1368 954 1431 ποτὲ
978 1368 1011 1431 δέ
1036 1368 1115 1431 κατὰ
1138 1374 1195 1451 γῆν
1213 1378 1234 1429 Ρ
1252 1378 1265 1431 Ι
1284 1380 1336 1437 636

85 1472 316 1551 συνισταμένοις
332 1468 446 1549 μάχαις
463 1471 589 1550 ἐνίκησε.
631 1471 681 1533 καί
696 1464 844 1549 χειμῶνες
861 1470 894 1532 δέ
912 1468 1023 1545 αὐτούς
1040 1468 1197 1536 ἐκάκωσαν

84 1575 134 1636 καὶ
153 1572 240 1652 λιμδς
257 1574 353 1649 ε’πίεσε
372 1573 423 1634 καὶ
441 1572 625 1656 διέφθειρεν.
677 1572 709 1634 έν
736 1572 769 1634 δέ
793 1578 838 1657 τῷ
855 1574 973 1658 Σιρμίφ
994 1571 1194 1657 διατρίβωνδ
1250 1612 1259 1621 -

83 1673 243 1750 Κλαύδιος
259 1670 399 1755 ἐνόσησε,
426 1675 476 1735 καὶ
493 1672 682 1755 συγκαλέσας
699 1672 733 1736 sd
753 1670 960 1755 λυγιμιύτατον
976 1682 1030 1739 τοῦ
1048 1674 1196 1761 στρατεύ-

82 1803 182 1859 ματος
198 1779 264 1860 aspi
281 1775 432 1855 βασιλέως
450 1776 604 1858 διειλέχθη
623 1775 742 1852 adroic?
756 1778 807 1839 καί
825 1774 878 1841 τὸν
896 1776 1095 1861 Αύρηλιανδν
1112 1778 1197 1856 άξιου

42 1894 75 1944 15
85 1888 141 1962 τῆς
156 1882 313 1959 βασιλείας
331 1875 391 1942 sins
409 1874 575 1961 τυγχάνειν.
626 1881 681 1942 eloi
699 1881 718 1941 δ
723 1877 733 1901 ²
754 1878 788 1941 οἳ
802 1880 939 1962 λέγουσιν
957 1878 1002 1943 ὅτι
1019 1883 1069 1943 καλ
1089 1882 1197 1947 αὐτίκα

80 1982 215 2063 βασιλέα
232 1981 348 2045 ἀνεῖπεν
366 1979 468 2045 αὐτόν.
515 1978 587 2043 ένιοι
605 1981 639 2043 δέ
655 1981 775 2063 λέγουσι
792 1980 847 2062 τὴν
864 1979 1032 2066 σύγκλητον
1049 1985 1080 2047 έν
1093 1982 1196 2071 Ῥιύμῃ

81 2090 252 2167 μαθοῦσαν
269 2091 323 2148 τοῦ
343 2085 499 2146 Κλαυδίου
517 2082 569 2146 τδν
586 2081 734 2159 θάνατον,
770 2083 971 2149 Κυντιλιανδν
989 2084 1042 2149 τδν
1061 2086 1197 2173 ἀδελφὸν

82 2189 198 2253 έκείνου
217 2188 267 2251 διά
286 2186 338 2249 τὸν
355 2186 432 2271 πρὸς
454 2183 607 2247 Κλαύδιον
624 2183 725 2247 πάθον
743 2184 871 2259 ἀξιῶσαι
887 2192 942 2265 τῆς
957 2190 1133 2265 βασιλείας,
1159 2189 1194 2253 sd

81 2292 117 2354 δέ
136 2289 354 2369 στρατιωτικὸν
370 2290 573 2370 ἀναγορεῦσαι
591 2283 644 2349 τὸν
660 2284 868 2368 Αδρηλιανότι.
921 2287 1037 2370 ἀφελὴς
1061 2290 1095 2351 δέ
1119 2287 1195 2355 ried

38 2393 287 2466 λθΚυντιλιανδς
304 2392 354 2452 καὶ
372 2389 448 2472 πρὸς
464 2384 653 2472 πραγμάτων
671 2386 874 2471 άποπεφυιιιδς
897 2390 1108 2474 μεταχείρισιν,
1134 2418 1197 2471 μα-
1259 2420 1265 2429 ·

78 2496 152 2560 θῶν
169 2493 224 2573 τὴν
241 2489 409 2574 ἀνάρρησιν
424 2494 479 2553 τοῦ
496 2490 696 2574 Αύρηλιανοῦ
703 2536 713 2565 ,
739 2486 848 2554 ἑαυτὸν
872 2488 989 2568 ἀνεῖλε,
1016 2490 1115 2572 τιμῶν
1137 2493 1248 2582 11*po-

79 2596 187 2685 φλέβα
210 2601 265 2676 τῆς
281 2594 391 2668 οίιιείας
405 2592 508 2678 χειρὸς
525 2596 575 2656 καὶ
593 2599 629 2676 τῇ
647 2593 764 2656 ἐκεῖθεν
781 2598 836 2655 τοῦ
853 2594 982 2675 α’ίματος
998 2593 1194 2677 έναπσιμύξας

154 2748 356 2814 Ῑέπελθόυτες
381 2746 413 2803 δὲ
439 2752 501 2813 ταῖς
525 2747 653 2819 Ἀθήναις
673 2781 708 2791 -
734 2752 750 2803 5
770 2752 925 2820 πολεμικῶν
942 2748 1089 2818 άμελοῦσιν
1107 2751 1193 2823 ἔργων

153 2824 248 2878 Dionis
265 2822 415 2876 continuati
432 2838 489 2873 exc.
509 2822 594 2875 Vatic.
615 2821 664 2873 123
681 2840 708 2890 p.
727 2821 788 2875 240.
877 2816 1047 2893 ὀἜλληυες]
1060 2818 1195 2889 Ῥωμαῖοι

153 2893 248 2946 Diouis
266 2890 410 2945 continuati
425 2898 561 2960 excerpta.
666 2890 683 2942 6
701 2886 878 2957 Κλεόδημος]
895 2884 952 2941 “sic
970 2900 1025 2943 tres
1044 2886 1118 2945 nrss''
1136 2896 1195 2948 Du·

154 2978 291 3015 cunctus:
306 2955 391 3013 “eiius
409 2960 493 3010 codex
509 2952 687 3026 πλεομήδης”
705 2960 862 3011 Wesrrus:
881 2954 1033 3025 κλεόμηδος
1048 2961 1081 3015 Β.
1133 2964 1195 3015 δια-

154 3026 257 3093 δράααι
273 3029 304 3085 B.
412 3029 444 3080 13
463 3027 651 3095 λογιμώτατον
668 3028 700 3092 Α,
718 3024 902 3093 λογιμώτερσν
921 3028 990 3082 PW.
1094 3028 1128 3083 16
1145 3025 1197 3097 τὴν

152 3096 305 3165 σύγκλητον
323 3093 447 3165 λέγουσιν
465 3098 519 3149 ΑΒ.
614 3149 621 3158 ,
660 3094 692 3147 17
712 3092 908 3163 Κυντιλιανδν]
935 3096 1012 3149 immo
1030 3094 1195 3151 Κύντιλλονι
1295 3110 1298 3119 ’

154 3170 200 3235 qui
218 3166 244 3219 iu
261 3167 370 3219 nummis
387 3166 425 3220 Μ.
444 3166 527 3217 AVR.
545 3164 854 3230 chQvlriTituvs.

76 3320 178 3359 nornen
196 3302 330 3371 accepisse
346 3303 440 3366 fertur,
458 3301 634 3361 obsederunt3
656 3301 689 3351 ab
707 3318 790 3370 esque
809 3299 908 3369 repulsi
926 3300 1043 3353 Athenas
1061 3312 1196 3371 ceperunt.

76 3375 129 3429 nbi
149 3390 207 3425 com
224 3389 313 3424 omnes
329 3371 412 3422 libros
429 3370 456 3420 in
475 3386 550 3420 unum
568 3385 689 3420 acervum
707 3379 847 3435 congestos
862 3370 1001 3421 crematuri
1014 3381 1110 3437 essent,
1129 3390 1195 3426 unus

76 3462 116 3497 ex
144 3441 339 3493 cordatioribus
364 3438 504 3506 populares
524 3454 586 3489 suos
611 3453 627 3488 a
651 3440 789 3506 proposito
813 3438 965 3503 revocavit,
992 3440 1061 3505 quod
1088 3442 1195 3508 Graeci,

75 3516 145 3565 dum
163 3510 198 3563 iis
217 3511 297 3560 rebus
316 3506 438 3574 occupati
461 3522 514 3557 rem
538 3505 673 3557 militarem
698 3507 875 3574 negligerent,
900 3506 978 3559 facile
996 3510 1117 3575 superari
1134 3529 1198 3581 pos-

75 3587 155 3635 sent.
177 3578 311 3629 enimvero
327 3576 484 3627 Cleodemus
501 3574 544 3625 vir
560 3574 738 3639 Atheniensis,
758 3577 821 3642 iuga
839 3576 954 3643 elapsus,
971 3586 1115 3646 coactaque
1132 3580 1196 3633 mul-

73 3647 216 3711 titudine,
236 3646 347 3697 navibus
363 3660 395 3695 ex
412 3643 479 3695 mari
496 3644 584 3695 hostes
602 3644 710 3695 adortos
728 3652 827 3696 tantam
846 3644 949 3697 caedem
970 3644 1070 3711 edidit,
1087 3654 1118 3698 ut
1134 3649 1196 3701 reli·

98 3717 131 3771 ui
157 3714 237 3767 etism
258 3714 320 3766 inde
337 3715 502 3779 aufugerent.
538 3712 665 3764 Claudius
684 3729 748 3763 vero
767 3729 823 3765 cum
843 3730 888 3764 eos
906 3713 933 3765 in
951 3714 1032 3765 variis
1051 3718 1196 3783 provinciis

73 3739 221 3854 gispersos
239 3781 332 3851 partim
350 3781 487 3835 navalibus
505 3781 598 3849 partim
615 3780 785 3833 terrestribus
803 3781 911 3851 praeliis
929 3792 1090 3850 superesset,
1109 3788 1196 3840 multis

73 3857 165 3911 etiam
188 3859 371 3918 tempestatum
394 3850 578 3903 vexationibus
602 3858 632 3901 et
654 3853 724 3903 ieme
745 3852 920 3917 consumptis,
945 3852 1035 3905 Sirmii
1052 3862 1195 3923 aegrotans

73 3941 142 3979 cum
162 3920 320 3989 primoribus
336 3919 470 3972 exercitus
488 3921 640 3972 convocetis
664 3920 697 3970 de
721 3918 880 3989 imperatore
904 3922 1017 3974 creando
1041 3923 1196 3987 dissereret,

71 3990 255 4048 Aurelianum
272 3989 382 4058 imperio
399 3989 502 4055 dignum
520 4006 579 4040 esse
596 3988 674 4043 dixit.
708 3998 769 4043 sunt
792 3988 837 4056 qui
859 4006 915 4039 eum
939 3990 1027 4043 statim
1051 3992 1194 4060 imperato-

72 4079 139 4116 rem
165 4059 306 4112 saiutatom
329 4075 388 4111 esse
409 4057 513 4109 dicant:
540 4057 583 4107 alii
601 4065 724 4109 asserunt
740 4067 857 4110 senatum
876 4060 982 4111 Claudii
999 4066 1084 4111 morte
1102 4062 1193 4113 audita

74 4129 250 4194 Quintiliano
269 4128 347 4179 fratri
365 4126 421 4180 eius
441 4127 475 4178 ob
492 4125 575 4193 ipsius
592 4125 749 4177 desiderium
774 4126 899 4180 detulisse
923 4128 1074 4197 imperium3
1099 4130 1144 4195 qui
1162 4138 1193 4182 ut

71 4201 160 4252 homo
176 4198 287 4267 simplex
304 4195 382 4249 etad
400 4212 443 4246 res
459 4196 588 4262 gerendas
606 4210 696 4261 parum
714 4194 823 4247 idoneus
841 4214 897 4249 oum
910 4197 1073 4249 Aurelianum
1092 4213 1109 4247 a
1125 4198 1192 4249 mili-

71 4270 156 4322 tibus
173 4266 355 4337 imperatorem
372 4263 515 4319 salutatum
532 4275 591 4316 esse
608 4262 767 4332 audivisset,
784 4264 865 4319 incisa
884 4281 974 4319 manus
992 4281 1061 4317 vena
1079 4282 1112 4319 ex
1129 4284 1191 4336 pro-
