3050 4809
199 1872 261 1977 121

272 318 347 389 646
741 318 896 383 NOTAE.

266 486 500 567 frumentorium
535 480 689 558 describit,
721 491 751 540 nt
781 483 915 541 observat
943 479 1143 538 Casaubonus.
1185 479 1250 537 vide
1280 478 1372 539 Gloss.

273 572 349 632 med.
370 568 436 626 Lat.
476 567 553 625 Duc.

357 672 387 744 p.
407 650 469 713 608
490 670 518 707 v.
534 651 564 711 3.
603 650 708 729 μηνῶν
736 642 857 732 diiyuo]
886 649 928 709 stt
950 668 1020 708 mss.
1051 646 1171 707 ἰιιίιιιιε
1191 646 1375 727 paueirdir-

275 730 348 795 bua”
368 737 520 815 Vopiscus.
561 734 637 793 Duc.

358 840 389 898 p.
411 820 475 881 668
496 838 524 876 r.
545 821 575 879 7.
620 813 655 878 td
677 814 901 895 στρατιωτικὸν]
935 820 1014 894 atqui
1035 818 1063 875 T
1064 820 1157 875 scitus
1185 820 1335 893 imperator
1360 834 1377 873 a

274 902 376 963 senatu
391 904 508 977 electus,
532 921 592 960 non
609 922 626 959 a
641 901 792 977 militibus,
821 908 851 959 ut
873 904 971 961 scribit
993 902 1148 979 Vopiscus:
1171 921 1264 978 neque
1283 920 1378 961 eornm

275 988 417 1048 sententia
435 988 583 1064 requisita,
605 988 718 1045 tametsi
745 988 910 1063 praefectus
935 986 1015 1047 urbis
1037 988 1132 1045 Aelius
1158 987 1314 1045 Caesianus
1339 986 1378 1041 sic

275 1074 430 1132 exercitum
450 1079 495 1128 est
516 1070 655 1129 allocutus
677 1073 706 1128 in
727 1088 829 1148 campo
842 1072 948 1129 Martio
967 1070 1037 1129 “vor
1058 1072 1243 1134 sanctissimi
1263 1068 1379 1137 militia,

277 1168 305 1214 et
324 1157 520 1214 sacratissimi
540 1175 592 1211 vos
614 1156 757 1231 Quirites,
778 1154 895 1212 habetis
909 1158 1080 1233 principem
1102 1174 1191 1233 quem
1213 1154 1250 1211 dc
1268 1164 1379 1210 εειιιειι-

276 1244 320 1299 tia
340 1242 473 1299 omnium
494 1242 674 1296 exercituum
696 1250 817 1297 senatus
839 1240 940 1321 elegit,
969 1242 1105 1297 Tacitum
1126 1240 1208 1309 diso,
1231 1240 1380 1317 augustei-
1486 1290 1487 1295 ,

275 1329 385 1383 simum
406 1318 523 1380 virum”
544 1332 599 1382 etc.
639 1322 717 1383 Duc.
1209 1345 1212 1349 ·

276 1410 280 1417 ’
360 1430 391 1487 p.
413 1410 476 1472 610
496 1410 598 1471 v.·20.
633 1403 706 1484 roric
734 1406 865 1480 οἰκείους
894 1403 993 1484 alode]
1024 1406 1088 1465 hinc
1107 1408 1137 1464 in
1158 1407 1258 1483 legum
1280 1404 1383 1482 aliquot
1487 1430 1488 1435 ¹

276 1494 345 1552 Cari
362 1492 591 1569 inscriptionibus
600 1488 718 1569 “lmpp
737 1494 834 1551 Carus
851 1493 980 1549 Carinus
991 1502 1020 1547 et
1029 1492 1240 1548 Numerianus
1251 1483 1382 1548 AAA':

277 1579 354 1655 quod
377 1578 557 1636 observatum
575 1596 593 1633 a
614 1576 798 1652 Casanbono,
827 1578 924 1655 quiid
947 1578 1090 1635 Zonaram
1116 1576 1242 1654 aprobo
1265 1577 1384 1652 quodam

277 1669 396 1721 anctore
414 1663 562 1738 accepisse
581 1662 732 1719 existimat.
778 1660 852 1719 Duc.

362 1766 391 1824 p·
414 1746 475 1807 611
498 1763 526 1803 ν.
549 1747 579 1807 8.
625 1744 771 1822 Γαλάτης]
793 1745 823 1801 id
845 1750 889 1803 est
915 1743 1046 1813 Galliis,
1076 1744 1167 1820 inquit
1196 1743 1384 1801 cmubonus

277 1832 315 1888 ad
336 1829 489 1908 Vopiscum
509 1830 537 1885 in
560 1830 647 1905 Caro,
667 1830 718 1905 qui
737 1828 813 1885 illius
834 1829 954 1905 patriam
983 1829 1121 1887 incertam
1149 1828 1242 1885 fuisse
1272 1829 1330 1903 ait,
1359 1834 1385 1885 el
1490 1894 1491 1899 ἵ

276 1914 387 1973 Romae
407 1919 506 1969 natum
525 1913 615 1969 videri
636 1912 706 1967 vult.
730 1916 762 1967 at
781 1920 902 1989 uterque
922 1912 1022 1970 Victor
1042 1918 1072 1971 et
1092 1911 1229 1970 Sidonius
1250 1912 1385 1971 Narbone

277 1996 405 2073 genitum
424 1992 563 2051 scribunt.
605 1995 726 2053 Wolfius
750 1995 867 2053 Galata
888 2004 1021 2057 verterat.
1064 1996 1138 2056 Duc.

359 2098 390 2159 p-
413 2077 475 2139 615
493 2095 521 2134 ι’.
543 2078 573 2139 8.
616 2071 812 2157 limanium]
831 2083 871 2139 ita
891 2083 1020 2139 Zonaras
1037 2081 1228 2137 (ammaum
1249 2086 1386 2156 perpetuo
1491 2084 1492 2089 ’

276 2163 373 2237 vocat,
396 2179 480 2239 quent
502 2161 547 2219 alii
568 2161 783 2227 Constantium:
805 2166 1042 2241 quemadmodum
1072 2166 1157 2223 etiam
1181 2164 1386 2222 Constantinus
1492 2201 1493 2219 ι

276 2246 542 2325 Porphyrogenitus
569 2247 618 2306 lib.
648 2250 685 2307 de
716 2251 793 2307 adm.
829 2251 898 2328 imp.
931 2268 992 2329 cap.
1023 2217 1086 2325 nss,
1115 2254 1145 2307 et
1176 2246 1304 2307 Menace
1323 2248 1386 2307 XX!

174 2381 178 2397 ‚
278 2332 356 2391 Maii.
393 2330 470 2389 Duo.

361 2414 728 2493 pernatamus
757 2418 938 2499 mcccciv}
969 2418 1032 2477 vide
1060 2418 1239 2495 scaligerum
1267 2416 1305 2473 ad
1332 2414 1384 2473 En

279 2499 390 2557 sebimn
410 2518 440 2577 p.
458 2496 532 2575 218,
555 2502 574 2563 2
595 2500 665 2559 edit.
685 2500 762 2559 Duc.

363 2602 393 2661 p.
415 2584 479 2645 617
497 2601 525 2639 v.
540 2583 570 2642 9.
612 2577 688 2644 a’iid
713 2586 963 2663 προσκυνεῖσθαι]
983 2586 1012 2643 id
1032 2587 1127 2662 ipsum
1146 2589 1266 2644 namot
1284 2585 1384 2642 Eutra-

277 2667 344 2745 pins
359 2667 452 2743 (cuius
478 2667 667 2741 interpretem
692 2666 846 2727 Pacuuium
870 2670 915 2726 hic
942 2669 1106 2746 exscripsit,
1134 2676 1166 2728 ut
1193 2668 1261 2727 alibi
1292 2686 1385 2745 saepe,

278 2749 442 2827 Zonaras),
472 2749 603 2807 Aurelius
629 2748 729 2809 Victor
755 2759 784 2812 et
805 2753 949 2811 Eusebius
969 2755 999 2813 in
1021 2754 1179 2812 Chronico:
1207 2760 1296 2829 atque
1315 2754 1385 2809 adeo

278 2834 442 2893 Ammianus
460 2832 512 2889 lib.
534 2833 573 2895 15
597 2831 760 2915 “omnuim
774 2840 894 2914 prtinus
910 2848 1004 2895 extero
1022 2841 1084 2895 ritu
1099 2848 1127 2894 et
1142 2840 1225 2916 regio
1243 2856 1324 2895 moro
1340 2837 1386 2890 iu-

278 2920 376 2975 stituit
396 2916 533 2987 adorari,
553 2936 621 2975 cum
643 2940 758 2997 semper
776 2932 867 2978 antea
888 2921 932 2979 ad
947 2922 1175 2980 similitudinem
1188 2922 1323 2979 iudicem
1338 2938 1386 2974 sa-

281 3003 392 3061 tutatos
414 3003 567 3078 principes
588 2999 776 3081 legeramus.''
810 3004 887 3065 Duc.
944 3008 980 3069 cs.
1002 3007 1068 3067 T.l
1089 3006 1214 3066 Praesat.
1237 3026 1303 3087 pag.
1323 3002 1384 3060 XV·

365 3107 393 3165 p·
416 3088 479 3149 618
494 3104 520 3145 v.
542 3089 571 3149 2.
614 3085 685 3162 roric
699 3086 732 3150 di
749 3082 841 3169 τύχης
860 3086 1023 3170 ἰδιώτιδος]
1038 3093 1181 3150 Eusebius
1200 3092 1250 3152 lib.
1261 3093 1282 3154 8
1293 3106 1353 3167 cap.
1368 3088 1384 3148 2

277 3167 351 3245 tocie
371 3166 406 3231 di
426 3170 460 3232 iu
482 3171 624 3244 οἰκετῖαις
640 3172 816 3250 ἐλευθερίας
837 3181 1020 3255 στερεῖσθαι.
1063 3176 1138 3236 Duc.

362 3274 390 3331 p.
423 3256 486 3316 618
515 3274 542 3311 v·
568 3260 617 3318 11.
670 3257 704 3319 ἐν
735 3260 933 3345 Νικομηδείςι]
963 3260 1011 3319 ubi
1038 3262 1144 3339 palatia
1173 3259 1386 3317 constrruerant

278 3338 465 3415 imperatores
486 3345 554 3397 ante
566 3338 784 3418 Diocletianum,
800 3351 833 3401 ut
843 3346 947 3403 indicat
965 3346 1102 3403 Socrates
1123 3344 1171 3399 lib.
1190 3348 1207 3401 1
1228 3340 1306 3397 Hist
1322 3335 1386 3396 eccl·

279 3442 342 3499 cap.
366 3423 395 3483 6.
418 3423 484 3481 ride
505 3430 632 3483 nostram
655 3427 935 3504 Constantinopolim
953 3425 1038 3485 lib.4
1060 3430 1130 3483 sect.
1150 3423 1240 3485 ld‘n.
1263 3420 1292 3481 4.
1312 3418 1387 3479 aliud

157 3507 168 3538 ¹
276 3506 414 3587 palatium
446 3514 596 3582 praeterea
624 3510 810 3569 Nicomediae
843 3510 1001 3567 aedificavit
1031 3508 1239 3592 Constantinus
1267 3502 1388 3564 Heraclii

278 3590 362 3653 tilius.
391 3590 515 3667 Niceplr.
529 3592 589 3650 ΟΡ.
631 3591 708 3650 Duc.

363 3692 392 3749 p.
416 3676 476 3735 621
500 3695 528 3732 v.
553 3678 601 3736 16.
645 3672 661 3736 o‘
682 3670 737 3752 piu
757 3670 816 3755 poia
832 3666 997 3754 Εὐσέβιος]
1008 3674 1149 3734 Eusebius
1171 3674 1220 3732 lib.
1237 3676 1336 3751 Scap.
1349 3672 1388 3734 18

279 3764 311 3817 et
336 3757 365 3813 in
393 3756 532 3814 Oratione
561 3757 744 3817 Constantini
779 3760 817 3817 ad
841 3765 1008 3818 sanctorum
1037 3766 1149 3818 coetum
1176 3778 1241 3836 cup.
1261 3760 1314 3834 25,
1342 3756 1379 3815 ub

281 3840 471 3903 consulendus
499 3841 640 3899 Valesius.
684 3844 751 3903 vide
786 3849 938 3923 praeterea
967 3843 1150 3908 Laetantltm
1180 3844 1219 3901 dc
1252 3842 1386 3903 marubi:

278 3930 495 4007 persecutorum
517 3944 581 4002 cap.
603 3922 655 3989 42.
688 3926 766 3989 Duc.

364 4030 395 4087 p·
416 4006 478 4073 624
498 4026 526 4066 v.
551 4010 580 4071 2.
621 4006 676 4071 τάν
695 4008 871 4089 Λικίννιον]
903 4012 1003 4070 scribit
1027 4010 1193 4089 Anonymus
1227 4013 1257 4070 in
1287 4012 1341 4069 rito
1357 4024 1381 4064 ι.

283 4094 389 4153 Basilei
408 4094 612 4173 archiepiscopi
629 4092 766 4153 Amneni
787 4114 816 4153 n.
833 4098 853 4158 6
870 4098 933 4160 et6
950 4092 1090 4155 Licinium
1102 4097 1252 4163 simulasse
1272 4114 1303 4155 se
1322 4108 1386 4152 esse

285 4177 489 4254 Christianum,
511 4185 544 4237 ut
557 4178 756 4238 Constantium
776 4178 959 4240 Constantini
972 4180 1012 4239 u.
1031 4198 1160 4239 sororem
1171 4180 1200 4237 in
1213 4169 1327 4240 moth
1336 4176 1389 4236 ob-

285 4262 402 4336 tineret,
422 4268 452 4320 at
465 4265 571 4343 adepto
592 4264 710 4344 imperio
737 4266 766 4323 in
792 4264 902 4325 oriente
928 4266 966 4323 ad
986 4267 1122 4325 vomitum
1143 4264 1275 4324 rediisse.
1313 4261 1387 4323 certe

1154 4418 1244 4488 ,ἢ
