3050 4809
242 245 291 315 ro
603 244 777 313 losNle
798 215 996 313 πὀαιιιιε

114 421 227 482 Pidbt)
244 425 313 507 ραῖς
331 418 383 481 καί
404 424 468 495 τοῖς
492 416 599 495 ἀλλοις
626 415 849 505 συνήθροιζον,
879 418 930 480 καλ
951 420 995 505 τῷ
1012 420 1073 481 τῶν
1088 409 1234 495 μειζόνων
1251 413 1359 500 ἀρχῶν

239 518 346 608 κόσμῳ
364 518 442 604 πλὴν
458 519 640 607 ῥαβδούχων
656 524 799 607 έχριῦντο.
850 515 977 602 τοιαότη
993 514 1013 602 ἡ
1032 524 1093 583 τῶν
1108 523 1243 599 τιμητῶν
1254 512 1359 604 ἀπήρ-

237 648 292 709 χεν
313 619 405 711 ἀρχή.
457 630 518 689 τῶν
544 626 647 707 μέντοι
670 623 715 708 μὴ
741 622 1010 711 ἀπογραψαμένων
1032 620 1090 697 τάς
1112 620 1219 697 οάσίας
1234 622 1268 685 έν
1287 630 1357 699 ταῖς

242 726 438 815 ἀπογραφαῖς
455 730 505 793 καὶ
523 723 668 807 έαυτοός,
700 725 757 803 τὰς
772 728 829 810 μέν
846 724 952 803 οάσίας
970 725 999 790 oi
1015 722 1156 807 τιμηταί,
1189 722 1303 801 obrosio
1318 723 1354 789 δ’

240 832 371 907 έκείνους
386 831 415 897 oi
433 830 544 896 baasor
563 832 758 917 ἐπίπρασκον.
806 826 910 917 χρόνῳ
926 829 983 912 μέν
999 819 1054 893 οάν
1065 853 1123 893 τινι
1136 826 1236 892 ταῦθ’
1256 827 1384 905 αότωςὸ

240 932 403 1021 έπράχθη,
427 931 556 1021 ὕστερον
574 934 607 1001 di
623 934 678 999 τόν
696 932 780 1009 όίπαξ
798 940 835 1019 τῇ
852 938 951 1019 βουλῇ
969 931 1196 1015 καταλεχθέντα
1213 930 1267 995 διά
1283 934 1355 1013 βίου

240 1032 397 1119 βουλεόειν
421 1036 523 1121 ἔδοξε,
556 1038 635 1122 μηδ’
663 1037 908 1122 ἀπαλείφεσθαι,
939 1038 967 1101 ελ
991 1033 1034 1119 μή
1058 1060 1106 1111 τις
1129 1030 1279 1117 ἀδικήσας
1303 1036 1357 1101 καλ

240 1142 360 1228 κριθείς
376 1139 544 1227 ήτίμωτοή
562 1147 664 1218 κακῶς
681 1143 740 1221 ζῶν
757 1140 912 1226 ἠλέγχθη·
930 1137 1003 1215 τοὺς
1019 1137 1079 1226 γάρ
1100 1135 1258 1215 τοιοότους
1274 1134 1359 1222 ἀπή·

241 1250 348 1331 λειφαν
365 1247 415 1309 καί
435 1245 504 1311 ἀντ’
524 1244 625 1309 αὐτῶν
642 1242 763 1332 ἑτέρους
780 1243 956 1331 ένέγραφον.

188 1351 225 1431 ιλλ
348 1352 420 1413 Τῶν
445 1349 478 1413 δέ
504 1350 698 1435 προσκαίρως
724 1340 881 1435 ἀρχόντων
904 1350 1050 1431 πρεσβεία
1073 1344 1130 1425 μέν
1153 1344 1273 1409 έδίδοτο
1290 1352 1401 1417 τοῖςλθ

240 1446 438 1538 όικτάτσρσι,
465 1455 618 1539 δευτερεῖα
635 1454 671 1518 δέ
685 1476 718 1539 γε
735 1460 800 1529 τοῖς
815 1460 976 1535 τιμηταῖς,
1001 1444 1021 1531 ἢ
1040 1447 1074 1511 δέ
1090 1444 1276 1531 spicariis
1292 1455 1357 1521 τοῖς

240 1550 405 1642 ίππόρχοις
421 1556 588 1640 νενέμητο·
614 1559 665 1621 καί
684 1553 765 1622 οὕτω
781 1563 880 1621 ταῦτα
896 1554 1035 1619 ἐτέτακτο
1052 1549 1109 1616 κάν
1123 1553 1154 1614 έν
1167 1560 1234 1625 ταῖς
1245 1550 1356 1632 ἀρχαῖς

239 1647 321 1742 ἦσαν
344 1658 401 1725 κάν
425 1656 655 1744 ἀπηλλάγησαν.
708 1661 734 1725 ελ
758 1656 819 1745 γάρ
836 1684 882 1733 τις
898 1659 931 1721 in
948 1657 1084 1737 μείζονος
1103 1653 1200 1735 ἀρχῆς
1218 1657 1261 1729 είς
1277 1650 1356 1719 ἀπσ-

241 1761 401 1849 δεεστέραν
418 1763 568 1845 κατέστη,
594 1760 629 1827 τό
646 1766 703 1843 τῆς
719 1762 871 1848 προτέρας
887 1760 1008 1840 ἀξίωμα
1027 1753 1101 1839 εἶχεν
1118 1756 1269 1841 ἀκέραιον.
1313 1751 1358 1831 εἷς

241 1862 278 1927 δέ
299 1888 346 1941 τις
369 1862 405 1928 ὃν
428 1864 574 1949 πρίγκιπα
597 1863 654 1947 μέν
677 1869 733 1945 τῆς
749 1864 910 1950 γερουσίας
926 1858 1104 1942 ὠνόμαζον,
1130 1861 1246 1944 λέγοιτο
1264 1857 1296 1922 δ’
1316 1858 1403 1929 άνλό

240 1966 321 2033 καθ’
334 1966 483 2049 Ἓλληνας
500 1962 673 2051 πρόκριτος,
687 1966 873 2049 συμπάντων
889 1974 1009 2052 προεῖχε
1025 1963 1078 2029 τόν
1092 1961 1204 2049 χρόνον
1216 1961 1251 2028 ὃν
1262 1986 1357 2048 προε·

241 2069 358 2155 κρίνετο
377 2070 427 2150 (αά
440 2070 499 2157 γάρ
515 2070 567 2151 διὰ
580 2073 650 2151 βίου
664 2096 710 2147 τις
724 2073 768 2147 είς
780 2076 870 2135 τοῦτο
884 2068 1128 2156 προεχειρίζετυ),
1142 2069 1192 2131 καὶ
1207 2066 1358 2155 προέφερε

241 2178 303 2237 τῶν
319 2172 421 2239 ἀλλων
436 2181 480 2261 τῷ
497 2171 665 2257 ἀξιώματι,
692 2173 728 2237 ori
745 2174 875 2257 μήνκαὶ
892 2170 1019 2253 δυνάμει
1037 2172 1146 2255 ἐχρῆτο
1163 2172 1231 2235 τινί.

201 2280 226 2335 0
346 2278 399 2343 20.
451 2276 575 2364 Χρόνον
590 2277 647 2360 μέν
663 2267 718 2343 οὖν
736 2302 805 2343 τινα
823 2272 944 2361 εἰρήνην
960 2272 1038 2361 πρὸς
1050 2271 1201 2356 ἀλλήλους
1213 2276 1263 2337 καλ
1276 2273 1358 2361 πρός

241 2377 313 2457 τοὺς
337 2382 508 2469 περιοίκους
523 2380 654 2467 ήγαγον·
683 2377 856 2464 circipani
872 2374 1129 2465 ἐπικρατήσαντος
1138 2424 1148 2454 ,
1174 2375 1250 2441 ὥστε
1266 2378 1404 2453 tandm

245 2486 297 2547 καλ
322 2486 364 2563 εἲς
389 2486 441 2553 τὸν
465 2485 604 2569 ποταμόν
629 2482 757 2561 {sororio
783 2488 926 2567 έμβαλεῖν
945 2481 990 2564 μὴ
1018 2481 1168 2567 φέροντας
1184 2480 1236 2546 τόν
1253 2478 1356 2563 λιμόν,

244 2586 437 2656 ἐστασίασαν.
488 2589 518 2657 oi
535 2591 591 2673 μέν
603 2588 662 2676 γάρ
674 2588 747 2667 roric
759 2587 908 2677 εάπόρους
922 2582 964 2664 ὥς
977 2586 1045 2671 περί
1058 2584 1111 2650 τὸν
1126 2594 1210 2650 σῖτον
1221 2609 1357 2671 κακουρ-

247 2740 250 2745 ’
313 2748 490 2807 ’ίάουλεάειν
504 2750 538 2807 Β.
643 2752 677 2803 10
692 2744 743 2818 μὲν
762 2768 804 2803 oro
819 2748 854 2808 B.
957 2740 1073 2801 έδέόοτο
1090 2746 1122 2801 Β.
1210 2748 1245 2803 λλ
1262 2742 1354 2815 ἀτάρ-

313 2836 373 2887 γσις
389 2822 421 2874 C.
527 2820 559 2877 16
576 2816 741 2892 συμβάντων
760 2820 793 2876 C.
894 2818 925 2874 21
945 2812 974 2879 ἐς
990 2817 1023 2872 Β.

345 2956 474 3013 Fosrss.
512 2958 579 3029 Gap.
596 2956 640 3013 20.
679 2956 776 3011 Dionis
797 2956 936 3012 Historiae
962 2932 1101 3009 Romanus
1125 2953 1188 3007 libri
1209 2954 1350 3024 deperditi.

242 3092 365 3162 populum
382 3094 445 3148 itam
463 3096 496 3148 sd
514 3096 645 3165 rogandus
662 3096 734 3165 leges
752 3095 855 3165 alisque
872 3094 959 3147 munia
975 3093 1174 3155 convocabant3
1193 3094 1357 3147 etnaioruua

185 3208 188 3213 .
241 3163 438 3232 magistratuum
456 3166 625 3233 ornamentis,
643 3166 782 3219 lictoribus
800 3165 934 3235 exceptis,
954 3164 1107 3217 utebantur.
1142 3178 1175 3213 sc
1191 3164 1245 3215 tale
1262 3181 1359 3217 censo·

241 3248 299 3284 rom
316 3250 407 3285 munus
426 3234 487 3287 suit.
524 3236 568 3306 qui
588 3254 671 3305 vero,
689 3252 746 3287 curn
765 3252 860 3289 census
878 3234 1017 3303 agebatur,
1036 3249 1084 3283 sua
1102 3232 1208 3283 nomina
1224 3240 1253 3283 et
1270 3235 1358 3286 iacui·

241 3306 312 3353 tates
329 3303 442 3371 professi
458 3322 508 3357 non
528 3313 611 3373 erant,
629 3321 719 3358 eorurn
737 3306 877 3358 facultates
894 3322 910 3356 a
927 3302 1091 3365 censoribus,
1109 3300 1162 3369 ipsi
1174 3319 1191 3353 a
1203 3302 1357 3357 consulibus

241 3370 435 3428 vendebantur.
471 3383 501 3428 et
525 3375 590 3429 baec
615 3376 648 3427 ad
667 3382 771 3445 tempus
788 3374 896 3443 aliquod
911 3372 950 3424 sic
969 3380 1028 3423 scta
1046 3379 1124 3423 sunt:
1148 3376 1210 3439 post
1224 3371 1358 3425 constitu·

243 3446 297 3491 tum
316 3448 358 3491 est
374 3448 422 3510 ut,
445 3444 490 3512 qui
512 3445 593 3499 semel
615 3446 643 3497 in
661 3452 780 3497 senatum
796 3446 882 3496 iectus
899 3448 986 3507 esset,
1004 3456 1052 3509 per
1075 3457 1174 3493 ornnem
1193 3449 1307 3494 aetatem
1327 3442 1358 3495 in

244 3524 277 3560 eo
294 3522 427 3579 manerat,
444 3528 529 3583 neque
546 3514 679 3568 deleretur
696 3532 729 3567 cx
747 3514 808 3566 albo
826 3512 877 3564 nisi
895 3512 929 3562 ob
947 3508 1049 3563 iscinus
1066 3509 1237 3578 ignominioso
1255 3511 1357 3565 iudicio

244 3580 429 3635 condemnatus
447 3592 519 3637 esset
535 3592 582 3638 aut
593 3585 728 3654 improbae
740 3584 815 3636 vitae
825 3580 973 3635 convictus.
1007 3578 1105 3631 tslibus
1119 3580 1226 3632 enimin
1237 3581 1358 3634 ordinem

244 3650 344 3702 coactis
362 3651 427 3704 aiios
445 3654 472 3706 in
490 3671 579 3707 eorum
595 3656 680 3707 locum
697 3652 901 3705 substituebant.

347 3719 377 3773 in
400 3724 599 3791 magistratibus
623 3734 768 3793 temporum
792 3738 872 3773 causa
888 3716 1016 3771 institutis
1036 3716 1181 3801 principem
1199 3718 1358 3773 obtinebunt

241 3786 325 3841 locutu
342 3789 496 3860 dictatores,
514 3794 656 3864 proximum
667 3808 806 3857 censores,
823 3788 930 3843 tertium
940 3786 1058 3855 magistri
1070 3797 1202 3855 equitum:
1221 3788 1266 3855 qui
1279 3787 1359 3855 ordo,

242 3856 301 3909 rive
322 3856 349 3910 in
373 3863 528 3930 magistratu
547 3870 637 3916 essent
652 3862 710 3914 sive
730 3878 761 3912 eo
781 3859 926 3922 abiissent,
950 3858 1150 3909 observabatur.
1190 3857 1303 3925 quodsi
1321 3856 1359 3911 ad

242 3924 361 3981 humilius
380 3946 471 3985 munus
489 3932 697 3995 descendissent,
715 3930 829 3999 priorem
846 3928 999 3995 dignitatern
1017 3926 1170 3979 inviolatam
1188 3928 1357 3981 obtinebant.

242 4010 309 4049 unus
326 3998 430 4067 quidaro
449 4003 572 4071 princeps
591 4010 699 4053 senatus
719 4016 768 4067 per
784 3998 813 4050 id
830 4006 932 4067 tempus
950 3994 1009 4049 dunt
1027 3998 1049 4048 is
1068 3995 1151 4048 bonos
1168 3994 1282 4049 durabat
1294 4001 1360 4056 (σε.

241 4083 293 4133 que
311 4068 379 4120 enirn
397 4078 540 4138 perpetuos
560 4071 630 4135 erut)
655 4068 773 4120 omnibus
790 4067 815 4119 di
853 4068 931 4134 itatc,
959 4081 1010 4119 non
1028 4065 1162 4136 potentia,
1188 4068 1358 4135 praestabat.

345 4136 388 4193 ⁸20.
424 4140 464 4191 Ad
492 4138 560 4191 bunc
585 4136 685 4191 modum
707 4154 773 4205 pace
800 4086 963 4207 adntempus
987 4134 1056 4187 domi
1074 4144 1101 4187 et
1117 4134 1183 4186 ioris
1201 4134 1357 4199 constituta,

241 4212 317 4261 tenta
334 4206 416 4258 sames
434 4208 525 4260 urbem
542 4206 691 4277 oppressit,
714 4212 745 4259 ut
762 4207 867 4275 quidem
881 4206 995 4260 inediam
1012 4220 1064 4257 non
1081 4206 1196 4256 iercntes
1212 4205 1240 4257 in
1259 4204 1360 4257 flumen

240 4290 269 4325 re
286 4274 503 4345 praecipitarent.
542 4276 609 4331 unde
634 4281 693 4329 orta
717 4276 849 4332 seditione
863 4291 995 4347 pauperes
1012 4272 1140 4327 divitibus
1155 4290 1278 4330 εοιιοακε
1290 4291 1361 4345 sup-
