3050 4809
498 258 712 329 anutium
738 256 803 325 vll
826 258 859 325 8.
1186 254 1235 329 27

127 460 185 503 των
207 460 240 501 τε
263 442 329 513 τοῖς
351 432 505 516 δεομένοις
526 433 713 518 μεταδιδούς
738 434 787 497 aui
810 428 920 497 ἑαυτὸν
943 430 1066 512 έτοιμον
1094 430 1237 517 παρέχων

126 538 155 605 εί
170 565 219 617 τις
242 538 341 605 δέοιτο
365 536 460 603 αὐτοῦ
486 540 529 615 είς
549 536 720 621 βοήθειαν·
746 541 865 624 φαῦλον
887 536 971 601 δέτι
994 532 1065 599 οὔτ’
1090 531 1238 621 ἔπραττεν

125 642 192 709 ούτ’
214 642 314 728 ἔλεγεν
331 641 464 709 ούδενί.’
491 643 543 707 καί
567 642 599 707 εί
615 666 647 705 τι
670 637 749 727 πρός
770 664 861 705 τινων
883 630 1071 723 εύέιιασχεν,
1095 638 1184 725 ίξῇρε
1199 639 1237 704 τδ

124 745 290 833 γινόμενον,
317 749 343 810 εί
360 745 396 809 δέ
410 772 439 811 τι
457 747 507 809 καί
524 745 750 831 ἐπαχθέστερον
767 742 854 831 αύτῷ
869 743 1001 827 γένοιτο,
1035 740 1056 825 ἢ
1074 740 1147 807 οὔδ’
1166 745 1237 807 lta-

103 852 218 936 ςγίξετο
235 850 272 915 τδ
290 848 442 932 λυποῦνῆ
459 850 510 913 καὶ
527 850 682 938 φαυλίσας
698 848 930 934 παρελαγίζετο,
963 844 1000 911 ού
1021 841 1115 928 μόνον
1130 871 1163 911 τε
1179 846 1237 912 eda

125 953 256 1038 ἠμύνετο
282 953 337 1019 τὸν
360 950 550 1037 λελυπηκίτα
574 952 655 1019 ἀλλὰ
678 954 729 1017 καί
746 949 911 1037 εὐηργέτει.
959 945 1079 1024 τούτοις
1095 946 1188 1017 αύτύν
1202 976 1237 1016 τε

124 1058 177 1123 τδν
193 1054 344 1146 Μύρτιον
360 1058 412 1123 καί
429 1057 501 1134 τούς
517 1058 586 1143 περί
602 1054 696 1123 αὐτὸν
712 1050 914 1144 ἐχειρώσατο,
946 1056 999 1119 καί
1016 1050 1111 1131 δόξαν
1127 1053 1276 1141 ύνδρδςῦ

126 1157 273 1247 ἐκτήσατο
289 1168 390 1250 σοφοῦ
407 1186 440 1226 τε
457 1164 508 1225 καί
525 1160 659 1246 ύγαθού.

222 1265 309 1331 Ἀλλ’
331 1265 367 1332 ού
385 1266 560 1353 προσέμεινε
576 1262 666 1351 μέχρι
682 1260 790 1339 τέλους·
804 1260 892 1349 αύτῷ
913 1254 936 1343 ἡ
961 1254 1131 1344 ύιιύληψις.
1183 1266 1242 1326 τού

89 1370 275 1456 ΙῠΜαριιίου
292 1368 353 1456 γδρ
369 1366 604 1457 τελευτήσαντος
620 1372 721 1442 κακῶς
737 1366 807 1452 περὶ
822 1364 897 1441 τούς
912 1364 1024 1429 ἐκείνου
1041 1365 1165 1447 διετέθη
1181 1363 1239 1431 δύο

123 1474 216 1551 υἱεῖς,
241 1474 293 1539 καί
309 1474 366 1558 τὴν
382 1474 542 1555 βασιλείαν
560 1472 788 1558 ἐσφετερίσατο.
838 1474 895 1551 τῆς
916 1492 951 1533 τε
972 1466 1032 1553 γδρ
1055 1474 1171 1549 βουλῆς
1187 1470 1238 1533 καί

123 1583 179 1642 τοῦ
210 1575 314 1660 δήμου
344 1575 418 1651 τοὺς
445 1582 502 1643 τού
528 1576 678 1661 Μαρκίου
708 1572 823 1646 παῖδας
848 1578 1031 1656 χειροτονεῖν
1055 1568 1239 1652 μελλίντων,

124 1681 240 1755 ἐκεῖνος
261 1685 323 1744 τῶν
345 1682 519 1759 βουλευτῶν
534 1702 568 1743 τε
583 1678 657 1755 τούς
674 1670 907 1751 δυνατωτάτους
920 1678 1074 1757 μετῆλθε,
1099 1675 1153 1739 καί
1169 1675 1243 1753 τούς
1329 1727 1332 1733 .

126 1782 287 1871 ὄρφσνοδς
312 1778 417 1869 πόρρω
443 1808 493 1847 ποι
517 1782 645 1865 πέμψας
670 1781 712 1856 εἰς
734 1776 856 1865 θήραν,
891 1772 940 1854 οίς
966 1802 999 1843 τε
1025 1773 1086 1843 elue
1113 1780 1166 1844 καί
1193 1774 1241 1857 οἷς

88 1900 118 1955 15
125 1882 259 1973 ἔπραξεν
283 1883 367 1973 αύτῷ
389 1883 445 1969 τὴν
466 1884 625 1967 βασιλείαν
640 1884 848 1971 ψηφίσασθαι
863 1878 1100 1969 παρεσκεύασεν,
1125 1879 1168 1961 ὡς
1184 1884 1240 1949 δν-

126 1992 292 2077 δρωθεῖσιν
316 1987 410 2072 αύτὴν
433 1990 530 2073 δῆθεν
555 1998 620 2065 τοῖς
644 1989 750 2053 παισίν
774 1982 977 2052 ἀποδώσοντα
1027 1986 1176 2072 ίγκρατὴς
1204 1988 1240 2052 δέ

128 2091 281 2169 καταστὰς
305 2098 368 2158 τῶν
391 2090 580 2181 πραγμάτων
605 2088 686 2156 οὕτω
711 2090 784 2167 τούς
807 2086 979 2174 Ῥωμαίους
1007 2090 1128 2157 διέθετο
1158 2088 1279 2158 dorsu

126 2198 277 2280 μηδέποτε
293 2192 450 2279 έθελήσειν
466 2195 655 2261 ἀνθελέσθαι
670 2195 745 2271 τούς
761 2195 875 2271 παῖδας
891 2194 1021 2259 ἐκείνου·
1046 2195 1099 2262 καί
1115 2194 1155 2260 τὰ
1171 2220 1240 2279 μει-

128 2296 219 2387 ροίιιια
241 2300 277 2366 δέ
293 2299 371 2387 πρὸς
385 2296 544 2393 ῥᾳστώνην
560 2300 670 2378 έθίζων
689 2294 746 2375 τύς
760 2322 794 2363 τε
809 2298 919 2383 ψυχὰς
933 2296 1035 2363 miraris
1052 2300 1104 2363 καί
1119 2298 1160 2364 τδι
1177 2297 1241 2367 σύ-

91 2422 121 2477 to
127 2429 213 2485 ματα
236 2404 295 2470 σύν
317 2402 422 2491 χύριτι
443 2402 481 2487 δή
498 2428 557 2470 τινι
574 2400 710 2491 ἔφθειρε.
761 2401 872 2479 δεδιὼς
894 2402 930 2467 δέ
954 2402 1007 2466 καί
1029 2400 1129 2479 ούτως
1152 2401 1241 2485 ἴχων,

127 2506 228 2589 ἰσχύν
243 2504 342 2595 ἑαυτῷ
365 2508 397 2571 ἔν
421 2514 465 2595 τῷ
488 2507 635 2593 συνεδρίῳ
659 2501 903 2591 περιεποιήσατο.
951 2504 1026 2579 τούς
1047 2504 1107 2591 γὰρ
1131 2508 1242 2593 φιλίως

127 2609 215 2697 αύτῷ
241 2610 275 2673 έκ
298 2614 354 2672 τοῦ
381 2606 481 2692 δήμου
506 2609 711 2689 διακειμένους
734 2610 800 2695 περί
820 2607 993 2684 διακοσίους
1009 2608 1041 2683 ές
1055 2607 1129 2684 τούς
1144 2608 1240 2674 εύσα-

127 2714 236 2801 τρίδας
253 2712 402 2800 ἐνέγραψε
418 2714 470 2778 καὶ
486 2710 559 2791 τοὺς
573 2706 758 2795 βουλευτάς,
792 2712 844 2775 καί
862 2708 942 2778 οὕτω
957 2707 1013 2796 τήν
1029 2737 1062 2778 τε
1076 2715 1238 2800 γερουσίαν

197 2925 215 2981 6
231 2920 354 2994 ἠμύνετο
372 2926 411 2994 Δ,
430 2920 558 2996 ἠμύνατο
576 2926 638 2982 PW
654 2926 746 2982 Dionis
763 2944 821 2985 exe.
944 2928 980 2983 14
994 2924 1163 2998 προπέμψας
1178 2933 1237 2987 ΑΒ.

198 2995 234 3051 18
252 2992 389 3064 ἐθελήσας
405 2996 438 3052 0.
508 2997 543 3054 19
560 2990 593 3050 di
610 3015 651 3051 om
669 2998 703 3051 0.
747 2997 783 3051 20
799 2990 850 3065 di]
867 2990 922 3064 γὰρ
939 2998 974 3051 (i.
1019 2998 1055 3054 il
1072 3001 1186 3067 φιλίους
1203 3003 1237 3055 0.

196 3068 232 3120 22
250 3064 423 3135 διακοσίους]
442 3065 587 3136 Dionysius
602 3066 848 3121 Halicarnasseueis
863 3067 928 3121 Ant.
944 3067 963 3122 3
982 3066 1017 3124 67
1034 3059 1145 3125 ἑκατόν.
1172 3071 1239 3125 teti-

197 3136 258 3191 dem
277 3136 370 3189 binius
389 3138 404 3191 l
423 3134 469 3192 35.
538 3137 574 3193 23
589 3130 656 3199 τούς
672 3134 723 3190 add
738 3136 821 3194 Aac.

133 3322 201 3377 tibus
217 3324 334 3378 libenter
351 3325 457 3379 ferebat
473 3341 566 3398 opem,
590 3325 683 3379 mulum
700 3326 817 3380 faciebat
833 3324 975 3379 dieebatrs
992 3327 1105 3381 neminie
1129 3340 1242 3401 aeeepts

135 3392 261 3447 beneficia
279 3395 474 3464 exaggerabat,
497 3395 612 3448 offensas
629 3396 672 3449 vel
688 3395 873 3449 dissimulabat
886 3394 931 3449 rei
946 3402 1093 3451 extenuans
1110 3399 1241 3454 oblivioni

135 3464 284 3517 mandabat:
308 3480 354 3517 ees
379 3480 395 3517 a
421 3462 515 3534 quibua
539 3465 626 3518 laeam
651 3473 724 3519 esset
739 3467 807 3519 aden
824 3482 877 3518 non
893 3465 1085 3535 ulciscebatur,
1111 3478 1142 3523 ut
1159 3470 1241 3523 etiam

30 3542 31 3545 ’
137 3529 266 3587 benefieiis
283 3533 469 3591 demereretur.
506 3534 547 3588 luis
565 3534 681 3589 moribus
700 3544 729 3588 et
746 3534 873 3589 Matreium
888 3534 976 3605 ipsum
992 3545 1021 3589 et
1036 3538 1125 3607 regies
1142 3540 1241 3593 emices

138 3597 184 3653 sibi
200 3602 331 3671 devinxit,
349 3602 568 3657 existimationem
585 3604 638 3659 viri
654 3605 717 3659 bani
733 3612 764 3659 et
779 3604 908 3673 sapientis
925 3616 1090 3664 ueneeentus.

234 3672 302 3725 Eum
320 3690 386 3725 veru
402 3672 617 3727 existimationem
635 3692 686 3727 nun
704 3682 835 3745 perpetuo
851 3677 1031 3729 cunservavit
1057 3677 1154 3731 Martii
1169 3694 1243 3733 naar-

139 3754 186 3861 ρριρ
201 3742 320 3795 defuncti
337 3742 439 3795 duobus
456 3744 517 3797 filiis
533 3744 649 3815 iniquum
669 3762 699 3797 se
716 3746 850 3815 praebuit,
867 3751 962 3814 erepto
979 3764 1072 3816 regne.
1097 3748 1167 3818 quud
1183 3766 1244 3803 eum

139 3805 171 3821 '⁰
200 3820 310 3865 senatus
334 3812 496 3883 populusque
520 3814 657 3868 delaturus
681 3822 768 3880 esset,
790 3815 850 3885 ipse
866 3816 1034 3870 senatoribus
1050 3818 1243 3887 potentissimis

141 3876 187 3931 sibi
203 3881 334 3935 minuetis
351 3890 377 3934 et
392 3880 603 3938 adulescentibus
620 3884 711 3955 procul
727 3884 762 3937 ed
779 3884 948 3938 versationem
966 3887 1097 3957 ablegatis
1111 3888 1176 3941 nihil
1191 3905 1244 3941 nen

141 3954 165 4001 et
182 3949 247 4005 dixit
263 3962 290 4004 et
307 3951 373 4005 lecit
389 3950 474 4003 donee
487 3970 597 4024 regnum
614 3954 798 4025 impetrasset,
823 3952 853 4007 id
868 3970 899 4008 se
917 3956 1023 4023 pueris,
1046 3957 1093 4011 ubi
1109 3958 1243 4011 adolevis-

141 4024 203 4087 sent,
219 4020 381 4075 redditurum
398 4020 543 4090 professas.
579 4040 665 4077 rerum
682 4032 771 4077 antem
822 4022 888 4078 titus
903 4025 1035 4079 Romanos
1050 4026 1091 4082 itu
1106 4025 1245 4090 tractavit,

30 4098 31 4109 ³
141 4095 169 4138 nt
191 4091 278 4160 regius
302 4091 483 4145 adulescentes
506 4108 635 4162 uunquam
653 4094 706 4165 ipsi
720 4042 870 4165 presidium
888 4104 994 4148 esseut:
1018 4112 1128 4164 querum
1146 4095 1247 4147 suimus

30 4202 32 4229 ζ
143 4162 168 4207 et
183 4176 292 4231 corpora
311 4159 480 4214 εεεαεεαδίιιο
497 4160 618 4229 ignaviae
635 4182 684 4235 per
701 4164 876 4249 benignitatis
893 4165 1009 4249 speeiem
1027 4166 1154 4235 eorrupit.
1188 4180 1247 4219 eam

145 4232 224 4281 aulem
242 4246 288 4283 ees
304 4231 382 4283 etism
399 4231 440 4284 aie
457 4236 594 4298 metueret,
612 4250 673 4287 snus
692 4252 755 4305 opes
772 4252 800 4287 un
818 4233 928 4288 euneilre
944 4232 1028 4301 suxit,
1044 4234 1099 4287 200
1117 4251 1151 4285 ex
1168 4234 1248 4304 plebe

145 4294 226 4352 enisis
242 4299 269 4353 in
286 4300 410 4371 petricius
428 4308 457 4354 et
474 4308 612 4357 senatores
630 4302 720 4359 lectist
744 4320 798 4377 que
821 4307 902 4375 pactu
918 4312 949 4356 et
963 4310 1082 4355 senetan
1098 4308 1130 4355 et
1145 4303 1248 4373 plebem
