3050 4809
526 259 739 326 ANNALIUlll
765 261 799 326 X
826 261 878 328 35.
1018 319 1028 326 .
1179 262 1250 330 421

249 427 349 516 Ὁρών
373 431 406 494 δέ
427 427 445 494 d
462 429 642 514 Αὔγουστος
665 429 717 496 τόν
734 457 766 496 τε
784 435 812 493 Γ
810 431 874 496 dion
892 435 942 496 καὶ
958 433 1011 498 τδν
1026 429 1167 497 Λούκιον
1185 433 1256 509 τοὺς

154 529 292 618 ίγγίνους
309 534 404 598 αὐτοῦ
408 581 418 610 ,
441 534 495 610 οδς
511 537 560 598 καλ
577 533 796 616 υίοθετήσατο,
822 537 865 616 μή
882 537 920 599 τὰ
936 536 1001 620 ἤθη
1019 540 1182 619 ζηλοῦντας
1199 536 1255 601 αὖ·

152 645 206 701 τοῦ
224 637 350 726 (οὐγὰρ
367 634 538 723 ἁδρότερον
552 640 656 722 διῆγον
671 636 767 719 μόνον
783 639 861 702 ἀλλά
879 642 928 701 καὶ
948 639 1182 724 ἐθρασύνοντο),
1204 642 1254 703 καὶ

152 743 317 822 βουληθείς
335 740 446 816 αὐτοὺς
462 742 727 828 σωφρονεστέρους
742 743 860 806 θέσθαι
878 739 919 818 dg
935 740 1059 818 ἰδιώτας
1065 791 1073 818 ,
1098 749 1142 830 τῷ
1160 749 1255 824 Τιβε-

129 845 209 930 5ρίῳ
236 847 279 919 εἰς
308 845 392 908 πέντε
422 843 472 926 έτη
505 843 560 926 τήν
586 844 778 929 δημαρχικὴν
801 846 940 921 ἐξουσίαν
962 843 1098 927 ἀπένειμε
1124 849 1173 908 καὶ
1200 845 1255 929 τήν
1350 923 1353 933 1

146 945 305 1030 Ἀρμενίαν
329 947 583 1032 ἀλλοτριουμένην
599 949 675 1030 μετὰ
693 948 745 1012 τὸν
761 957 816 1014 τοῦ
835 946 988 1038 Τιγράνου
1006 945 1142 1012 θάνατον
1158 975 1253 1036 προσ·
1272 957 1294 1008 Ρ
1312 955 1325 1008 1
1344 953 1395 1009 539

151 1046 329 1135 εκλήρωσεν.
380 1049 467 1114 οὐδέν
490 1049 521 1122 δ’
547 1053 580 1114 ἐκ
602 1048 710 1116 τούτου
735 1049 887 1116 ἀπώνατο.
939 1052 968 1115 οἱ
990 1051 1046 1133 μέν
1068 1050 1127 1136 γάρ
1150 1056 1255 1130 παῖδες
1287 1059 1291 1064 ’

148 1157 352 1238 παρορᾶσθαι
369 1149 509 1231 δόξαντες
524 1151 675 1236 ἤχθοντο,
701 1151 717 1218 ὃ
743 1157 776 1218 δέ
796 1155 937 1240 Τιβέριος
961 1153 1017 1238 τήν
1041 1153 1134 1240 ἀργήν
1156 1154 1257 1221 αὐτῶν

149 1254 311 1342 ἐφοβήθη·
339 1256 387 1321 διὸ
413 1255 481 1322 οὔτ’
510 1257 729 1342 εἶςἈρμενίαν
754 1256 957 1341 ἀπεληλύθει,
988 1258 1062 1322 ἀλλ’
1089 1260 1132 1334 είς
1150 1254 1257 1322 Ῥόδον

109 1359 288 1446 λθάφίκετσ.
339 1366 383 1447 τῷ
409 1359 440 1424 δ’
466 1361 574 1446 έφεξής
599 1360 655 1425 έτει
681 1362 852 1426 δωδέκατον
866 1357 1025 1426 ὑπατεύων
1041 1358 1057 1425 ὃ
1075 1360 1257 1446 Αὔγουστος

151 1466 193 1540 είς
215 1463 289 1539 τοδς
311 1461 446 1550 έφήβους
469 1463 520 1529 τὸν
539 1465 568 1524 Γ
566 1461 632 1526 ἀῖον
654 1463 739 1541 δ’ταξε
764 1466 814 1528 καλ
839 1467 870 1539 ές
892 1465 927 1528 τὸ
949 1464 1165 1550 βουλευτήριον
1189 1464 1255 1545 ἅμα

150 1561 288 1650 εἰσήγαγε
316 1566 367 1629 καὶ
396 1563 559 1650 πρόκριτον
583 1566 715 1652 ἀπέφηνε
734 1575 789 1650 τῆς
806 1565 943 1650 νεότητος
960 1566 1088 1653 {tamin
1104 1595 1135 1632 τε
1153 1573 1255 1654 φυλῆς
1271 1571 1306 1624 W
1318 1571 1344 1625 ll
1357 1570 1405 1625 167

147 1670 292 1753 γενέσθαι
310 1668 465 1754 έπέτρεψε.
517 1673 567 1732 καὶ
589 1669 660 1752 μετ’
681 1670 817 1734 ἐνιαυτὸν
836 1674 886 1734 καὶ
905 1668 921 1734 ὃ
937 1670 1077 1746 Λούκιος
1094 1672 1149 1748 τάς
1165 1671 1256 1752 τεμάς

149 1769 220 1836 ὅσαι
238 1776 282 1858 τῷ
298 1773 330 1833 Γ
326 1774 384 1860 olto
401 1778 444 1858 τῷ
464 1772 589 1860 ἀδελφῷ
606 1772 700 1838 αὐτοῦ
717 1775 854 1838 έδέδοντο
871 1773 986 1855 ἐλαβεν.
1033 1775 1255 1860 ἀθροισθέντος

108 1887 141 1939 15
151 1876 185 1939 δέ
202 1881 258 1940 τοῦ
277 1869 375 1958 δήμου
393 1877 442 1938 καὶ
459 1877 720 1960 έπανορθωθήνιιί
733 1903 800 1942 τινα
813 1877 968 1954 ἀξιοῦντος
980 1880 1030 1942 καὶ
1044 1878 1115 1954 τυδς
1130 1874 1252 1962 δημᾶρέ
1269 1889 1290 1943 Β

121 2016 126 2024 -
145 2003 225 2060 χους
251 1977 303 2041 διὰ
323 1983 414 2042 τοῦτο
437 1977 513 2064 πρὸς
535 1978 588 2042 τὸν
603 1978 786 2064 Αὔγουστον
808 1982 1006 2063 πήιιιμαντος,Ι
1025 1974 1122 2064 ήλθεν
1145 1983 1254 2058 έκεῖνος

148 2083 200 2145 καί
219 2083 285 2166 περὶ
304 2069 479 2148 ώνέδέοντο
497 2084 584 2168 σφίσι
601 2086 855 2164 συνδιεσκέψατο·
889 2088 938 2148 καὶ
963 2087 1011 2148 tul
1033 2083 1131 2173 τούτῳ
1151 2084 1253 2169 ήσθη-

148 2209 207 2248 σαν
225 2181 362 2260 ἅπαντες.
415 2187 469 2268 τήν
487 2185 520 2248 δέ
540 2186 696 2268 θυγατέρα
710 2188 837 2250 Ἰουλίαν
853 2187 1088 2269 ἀσελγαίνουσαν
1106 2185 1254 2272 φωράσας

146 2283 380 2374 δπερωργίσθη·
407 2291 458 2353 καὶ
484 2289 595 2369 ἐκείνην
617 2291 673 2369 μέν
698 2292 740 2364 είς
760 2295 853 2370 νῆσον
869 2286 1021 2371 ἀπήγαγεν
1035 2286 1206 2372 ὑπερόριον,
1232 2278 1254 2374 ᾗ

106 2393 199 2456 Uxel
217 2387 237 2472 ή
254 2387 355 2476 μήτηρ
372 2387 392 2474 ή
410 2391 583 2475 Σκριβωνίοι
603 2387 714 2454 ἑκοῦσα
731 2391 960 2465 συνεξέπλευσε,
985 2395 1046 2455 τῶν
1069 2393 1102 2454 δέ
1120 2390 1158 2469 δή
1172 2416 1252 2476 χρη-

146 2493 288 2576 σαμένων
306 2493 385 2579 αὐτῇ
400 2493 454 2558 adr
470 2493 525 2572 μέν
539 2489 664 2558 Ἰούλιον
678 2491 835 2558 Ἀντώνιον
850 2492 975 2557 ἔκτεινεν
991 2492 1104 2569 ἀλλους
1119 2493 1154 2558 τέ
1169 2519 1252 2570 τινας

146 2597 303 2682 ἐπιφανεῖς
319 2593 435 2681 ἀνδρας
451 2590 492 2672 ὧς
507 2601 562 2678 τής
576 2599 743 2684 μοναρχίας
760 2596 950 2684 ἐφιεμένους,
976 2596 1047 2673 τοὺς
1071 2597 1104 2661 δέ
1129 2597 1252 2673 λοιποδς

146 2703 189 2775 εἰς
206 2696 318 2781 νήσους
333 2698 418 2774 τινάς
432 2695 610 2784 ὑπερώρισε.
708 2739 715 2775 ,-

216 2843 235 2898 6
251 2835 320 2906 nard
338 2837 388 2895 τδυ
404 2842 455 2893 τοῦ
473 2837 612 2910 Τιγράνου
629 2838 758 2894 θάνατον
775 2859 815 2895 om
826 2843 920 2896 Dionia
930 2843 1095 2914 exemplaria.
1166 2842 1201 2895 10
1211 2841 1251 2912 aqi

216 2906 247 2963 δ’
263 2903 361 2980 έφεξής
373 2938 404 2950 -
420 2911 452 2964 18
463 2905 593 2979 ἥσθησαν
605 2905 727 2972 ἅπαντες
739 2930 779 2964 om
792 2913 883 2964 liionia
896 2914 1064 2980 exemplaril.
1145 2914 1178 2963 ltl
1190 2919 1252 2980 post

216 2977 378 3032 δωδέκατον
402 2981 425 3034 C
453 2981 503 3032 add
532 2979 580 3036 ἔτι.
721 2980 753 3032 ll
780 2973 912 3036 έδέδσντο
939 2983 1000 3048 ΑΒ,
1031 2977 1157 3033 ἐδίδοντο
1181 2981 1249 3038 PW.

218 3049 252 3104 19
270 3045 413 3118 ἀπήγαγεν
429 3068 470 3104 om
489 3051 520 3105 Β.
590 3047 672 3117 uum}
684 3050 735 3102 add
749 3051 795 3102 ΛΒ
806 3053 866 3108 Dio,
934 3052 969 3106 21
983 3047 1091 3104 Ἰοὖλον
1103 3051 1248 3102 Reimarus.

252 3173 384 3240 Augustus
401 3186 457 3222 eum
475 3170 571 3222 Gaium
590 3175 618 3222 et
634 3169 743 3222 Lucium
761 3174 873 3240 nepotes
890 3171 1046 3238 eosdemque
1062 3168 1131 3220 lilios
1149 3167 1254 3236 adopti-

147 3259 195 3294 vos
214 3257 266 3293 non
284 3259 346 3294 suoe
364 3235 461 3293 imitari
479 3255 563 3292 morea
581 3238 685 3290 videret
709 3241 773 3307 (neo
793 3240 862 3292 enim
885 3240 1042 3292 luxuriosius
1059 3237 1186 3290 duntaxat
1204 3237 1250 3288 aod

146 3312 261 3364 lerocius
285 3312 362 3363 etiarn
386 3326 416 3360 se
439 3309 598 3376 gerebant),
632 3325 730 3392 eosque
752 3316 782 3360 ut
804 3310 921 3378 privatos
944 3307 1116 3360 modestiores
1139 3307 1250 3358 reddere
1317 3299 1320 3309 '

146 3381 300 3446 statuisset,
327 3377 493 3431 tribuniciam
518 3384 674 3446 potestatem
691 3395 716 3428 un
734 3379 936 3447 quinquennium
957 3377 1069 3429 Tiberio
1086 3377 1203 3428 demovit
1222 3383 1262 3427 et.

146 3449 294 3502 Armeniam
314 3455 374 3516 post
397 3445 523 3515 Tigranis
544 3446 645 3499 obitum
664 3447 799 3498 alienatam
817 3449 946 3500 attribuit.
982 3464 1071 3499 verum
1089 3465 1121 3498 ea
1137 3464 1168 3498 re
1186 3445 1250 3497 nihil

164 3519 269 3570 roleeit.
304 3535 362 3569 narn
387 3522 415 3568 et
438 3515 513 3584 pueri
540 3533 595 3568 oum
621 3534 651 3567 se
673 3515 768 3584 negligi
791 3523 931 3584 putarent,
955 3517 981 3570 ei
997 3518 1202 3577 succensebant3
1221 3521 1249 3565 et

144 3539 271 3638 ll'iberiue
295 3586 397 3637 illorum
419 3584 481 3636 iram
506 3586 608 3637 veritus
626 3585 653 3637 in
672 3585 817 3638 Armeniam
834 3603 885 3636 non
902 3586 983 3653 abiit,
1006 3586 1053 3637 sed
1072 3583 1190 3636 Rhodum
1208 3592 1250 3636 est

116 3713 119 3718 ¹
145 3654 291 3724 profectus.
320 3656 452 3723 Augustus
471 3671 533 3706 vero
550 3671 618 3708 auno
634 3656 757 3723 sequenti
773 3655 950 3708 duodecimum
966 3655 1055 3708 oonsul
1072 3654 1167 3705 Gaium
1184 3660 1250 3720 toga

146 3723 219 3776 virili
236 3722 298 3774 data
316 3723 456 3776 incuriam
474 3724 610 3776 adductum
628 3724 773 3793 principem
790 3724 937 3776 iuventutis
953 3722 1102 3791 designavit
1125 3732 1154 3775 et
1176 3722 1247 3775 sevi-

145 3811 202 3847 rum
220 3799 322 3844 turmae
340 3793 455 3860 equitum
471 3811 531 3845 ease
550 3794 638 3852 iussit,
657 3809 778 3861 annoque
798 3800 860 3862 post
875 3793 956 3847 Lucio
974 3795 1031 3848 eius
1046 3793 1124 3846 tratri
1141 3794 1246 3845 eosdem

145 3863 259 3916 honores
276 3861 357 3914 dedit.
392 3861 487 3931 populo
506 3871 664 3932 congregato
683 3869 711 3914 et
728 3863 855 3931 quaedam
874 3863 970 3931 corrigi
988 3864 1146 3933 postulante,
1160 3880 1197 3914 ea
1213 3861 1247 3913 de

146 3949 224 3985 eausa
245 3930 356 3983 tribunis
380 3933 412 3984 ad
430 3932 573 3998 Augustum
592 3932 693 3998 missis,
716 3931 775 4000 ipse
791 3933 878 3999 venit,
904 3941 932 3984 et
957 3949 1024 4001 quae
1047 3935 1173 4003 petebant
1195 3944 1246 3980 nna

146 4019 203 4054 eum
220 4000 261 4054 eia
277 4000 471 4054 consideravits
490 4017 543 4069 qna
561 4017 589 4052 re
607 4017 695 4052 omnes
711 4012 773 4054 sunt
789 4003 920 4055 delectati.
955 4001 1047 4055 luliam
1063 4003 1151 4064 liliam,
1170 3997 1245 4049 lasei—

145 4071 212 4122 viam
229 4069 287 4124 eius
303 4070 447 4140 aegerrimo
464 4072 560 4133 ferens,
581 4071 608 4122 iu
625 4071 733 4122 insulam
752 4073 895 4140 relegavit:
913 4089 969 4126 euru
985 4090 1067 4140 eaque
1079 4081 1161 4122 mater
1172 4065 1246 4117 Scri-

145 4139 223 4192 bouia
238 4141 309 4193 ultro
327 4139 351 4191 iu
369 4139 487 4192 exsilium
505 4137 582 4194 abiit.
619 4157 650 4191 ex
675 4143 834 4194 amatoribus
856 4143 913 4195 eius
935 4142 1027 4194 lulium
1052 4139 1190 4192 Antonium
1217 4141 1246 4186 et

147 4206 209 4328 alilos
231 4209 315 4262 olaros
337 4209 409 4263 viros
432 4217 461 4262 ut
484 4224 590 4278 reguum
615 4209 770 4264 affectantes
790 4211 940 4279 interfecit,
966 4220 1084 4264 caeteros
1102 4208 1129 4260 in
1146 4203 1247 4258 insulas

141 4279 280 4345 reegavit.
