3050 4809
640 314 797 393 uorsa.
1200 332 1277 406 oia
1381 280 1386 285 ¹
1483 398 1489 407 .

169 488 252 576 nond
275 496 335 555 'sori
358 484 526 552 ’lescvoai
544 482 662 552 ίκαῖναα
682 486 934 572 πραπιμήσαντα]
961 514 1035 574 quae
1057 496 1147 559 verba
1167 502 1208 560 sic
1228 522 1279 563 er·

169 580 276 660 pressit
303 581 459 654 interpres:
473 573 646 645 -Julianus,
673 580 813 653 quamvis
840 576 880 634 ab
904 579 997 637 altero
1018 602 1133 661 magna
1147 591 1280 663 pecunia

166 665 327 743 promissa,
345 670 388 717 ert
405 658 573 736 praelatus.
594 660 679 719 immo
702 661 802 719 horum
823 681 925 722 sensus
947 670 1010 741 est,
1037 670 1078 727 uti
1105 670 1150 727 edi
1170 675 1279 731 curavi-

169 769 244 823 mus,
264 748 353 807 multa
376 744 500 822 pecunia
519 763 537 802 a
557 744 666 802 Iuliano
686 745 823 805 militibus
845 749 1002 825 promissa,
1026 754 1145 813 eundem
1165 759 1280 834 praela-

107 837 112 851 *
170 842 246 903 tum3
275 834 352 909 quod
376 836 407 887 et
427 830 535 888 diserte
568 829 610 887 ait
640 830 710 906 nio,
740 837 771 889 et
799 851 833 891 ex
864 852 899 891 eo
919 834 1089 912 xiphilinus,
1109 858 1128 897 a
1148 862 1205 917 quo
1227 862 1280 903 arra

169 920 266 976 hausit
284 918 430 973 Zonaras:
449 914 498 991 qui
510 912 612 973 scribit
624 916 654 973 in
669 915 724 973 bac
737 917 846 993 imperii
867 920 999 977 auctione
1019 922 1150 981 ducentis
1169 927 1199 985 in
1221 930 1281 987 sin·

169 1004 252 1079 gorius
280 1000 383 1059 milites
407 999 501 1057 aureis
530 1018 548 1055 a
566 997 730 1078 Sulpiciano
756 1002 926 1079 promissis,
950 1002 1062 1065 alteros
1077 1007 1281 1088 quinquaginta

169 1088 311 1145 adiecisse
328 1086 475 1143 lulianum.
508 1081 586 1141 linc.

254 1190 285 1248 p.
306 1168 368 1233 549
390 1188 420 1225 v.
436 1170 485 1231 17.
521 1165 540 1229 ί
560 1163 617 1245 μὲν
636 1163 696 1248 yolp
717 1168 784 1247 etc]
805 1172 836 1229 in
854 1170 988 1231 versione
1002 1172 1048 1232 liic
1065 1178 1204 1251 quaedam
1224 1180 1279 1239 im-

167 1255 348 1313 mutavimus:
375 1253 498 1312 Woltius
525 1254 698 1330 scripserat,
726 1255 781 1311 aad
805 1258 879 1333 qnia
904 1255 1021 1315 Albino
1056 1260 1279 1337 imperatoriam

167 1340 355 1397 mutuum
363 1339 529 1417 flagitanti
556 1337 608 1396 vel
633 1340 774 1399 &erario
800 1340 941 1421 bonorem
968 1342 1103 1421 negabat
1127 1356 1182 1413 etc.
1207 1351 1279 1411 alius

169 1426 244 1483 enim
256 1430 413 1481 estseusus
435 1422 601 1481 exiliens:
622 1425 728 1500 quippe
750 1444 815 1483 cum
833 1425 938 1483 Albino
958 1432 1130 1506 promissam
1146 1434 1280 1495 Caesaris

170 1511 340 1587 dignitatem
360 1513 494 1582 negaret,
515 1511 576 1564 tum
596 1510 622 1564 is
639 1509 841 1584 inperatorem
863 1528 928 1569 sese
949 1514 1113 1591 appellavit.
1158 1518 1235 1579 linc.

252 1616 283 1672 p.
306 1593 369 1655 550
390 1610 417 1648 v.
433 1595 463 1655 2.
489 1587 603 1663 olgdnd
615 1590 785 1679 χοροίίκτῃ]
807 1593 865 1652 Dio
878 1590 978 1679 ὅσπερ
989 1622 1033 1671 τις
1045 1594 1179 1683 ἀκριβῶς
1188 1600 1279 1686 papir

171 1678 392 1759 dtdtdoyptvog.
414 1678 537 1734 occurrit
556 1674 627 1734 baec
648 1696 703 1744 vox
724 1680 801 1751 apud
822 1678 976 1745 Pollucem.
1017 1681 1095 1743 Duc.

252 1783 282 1841 p.
303 1762 364 1825 552
383 1779 412 1819 v.
432 1762 481 1823 10.
513 1759 616 1835 ἔθνος]
629 1760 749 1820 Wolfius
762 1773 902 1841 gentem:
927 1769 1137 1832 emendavimus
1151 1774 1278 1850 provin-

171 1850 262 1905 ciam.
286 1849 352 1904 vide
374 1846 473 1902 Gloss.
493 1847 569 1903 med.
592 1845 750 1906 Graecitat.
794 1846 868 1905 Duc.

252 1952 282 2010 p·
305 1931 366 1994 555
388 1950 416 1987 v.
439 1930 489 1992 20.
530 1924 573 2008 pri
592 1923 737 2008 cipeieice]
761 1934 802 1990 ita
832 1941 892 1991 tres
913 1954 987 1995 mss:
1016 1942 1047 1995 at
1067 1942 1206 2000 omittitur
1226 1962 1279 2001 ne·

168 2019 264 2094 gativa
293 2017 370 2094 apud
396 2012 537 2092 Diouem,
564 2019 598 2072 ut
627 2034 730 2075 sensus
751 2017 791 2075 sit
816 2029 945 2077 caeteros
968 2042 1070 2081 omnen
1091 2030 1277 2086 contemnite.

166 2100 243 2161 Duc.
1328 2126 1332 2132 “

251 2205 281 2262 p.
298 2184 360 2246 558
377 2202 406 2241 v.
429 2184 479 2245 18.
522 2185 584 2241 cois
606 2181 753 2257 tranem]
782 2182 847 2241 vide
865 2184 982 2245 Henric.
999 2188 1143 2251 valesium
1162 2198 1201 2255 ad
1216 2196 1277 2255 Eu·
1293 2194 1358 2251 1³25

163 2271 238 2330 aebli
259 2270 335 2329 Hist.
356 2266 404 2324 lib.
428 2270 527 2340 ticap.
551 2266 602 2338 16,
623 2266 671 2321 ubi
690 2265 827 2323 observat
852 2277 1003 2344 praeterea
1030 2294 1104 2349 quae
1124 2288 1281 2356 sequnntur

170 2377 204 2416 ex
223 2356 327 2414 eodem
348 2350 475 2407 Eusebio
498 2348 686 2425 descripsisse
707 2350 861 2409 Zonaram.
904 2352 982 2414 Duc.

250 2458 282 2515 p.
303 2436 365 2497 562
388 2451 417 2487 v.
440 2432 490 2493 lt.
529 2426 585 2504 τὰς
610 2428 713 2513 ψυχας
741 2432 876 2518 ἐπῳδαῖς
905 2431 1079 2523 ἀναγαγεῖν]
1108 2443 1167 2503 Dio
1194 2449 1278 2508 unica

167 2541 239 2580 voce
260 2507 485 2597 ίψαχαγαίγησε.
520 2515 597 2575 Duc.
1243 2564 1246 2575 ·

254 2625 284 2682 p,
309 2600 372 2665 564
394 2621 422 2659 v.
446 2600 496 2662 14.
539 2604 671 2681 Μαῦρος
691 2596 850 2682 τυγχάνων
871 2604 904 2669 ἐκ
927 2610 1078 2688 Σικελίας]
1103 2615 1144 2672 ita
1163 2615 1193 2673 iu
1214 2617 1278 2694 qul·

167 2690 290 2749 busdam
310 2684 413 2745 Dionis
435 2687 577 2762 excerptis
597 2706 657 2745 mss
673 2686 733 2764 leffl'
756 2696 877 2749 annotat
898 2692 1097 2757 Casaubonns.
1118 2698 1279 2778 Xipbilinus

167 2769 232 2838 sind
253 2772 393 2840 Σικελίας
417 2770 599 2850 Καισαρείας
618 2771 716 2830 babet.
747 2773 815 2833 vide
842 2778 1033 2841 coniecturam
1062 2784 1190 2844 eiusdem
1219 2784 1279 2849 Ca-

166 2860 285 2920 eauboui
302 2858 340 2915 ad
359 2853 517 2915 Macrinum
539 2855 702 2933 Capitolini.
735 2854 814 2916 Duc.

250 2964 281 3022 p.
304 2942 367 3004 579
386 2959 414 2998 v.
429 2939 464 3003 8.
509 2938 727 3020 Πομπηΐανόν]
746 2940 872 3002 Maximo
894 2953 924 3005 et
944 2947 1047 3009 Albino
1062 2951 1197 3015 Publium
1212 2974 1277 3017 sec-

166 3031 289 3089 cessisse
310 3025 410 3086 scribit
435 3032 535 3084 auctor
558 3025 691 3085 Cbrouici
719 3024 923 3108 Alexandrini,
950 3030 1070 3113 huicque
1099 3039 1277 3101 Gordianum

166 3117 315 3172 seniorem.
347 3111 373 3178 is
391 3118 488 3169 autem
507 3108 624 3169 Publius
642 3111 781 3171 Maximus
798 3112 1089 3199 BalbinusPnpienns
1107 3123 1276 3203 vocabatis,

165 3216 250 3275 quem
277 3195 398 3256 eundem
430 3213 497 3253 esse
523 3215 589 3253 cum
606 3194 784 3275 l’ompeiano
804 3198 937 3261 Zonarae
964 3212 1047 3283 putat
1077 3207 1275 3271 Caecubonus.

163 3284 189 3339 is
206 3302 294 3356 vero,
317 3279 507 3355 Pompeianus
529 3279 643 3356 Civica,
663 3279 763 3340 consul
783 3282 838 3341 luit
857 3306 921 3345 curu
932 3288 1079 3349 Gordiano
1103 3294 1275 3354 secundum:

164 3368 244 3424 cuius
270 3364 435 3424 concitatus
466 3366 575 3423 mentio
599 3373 645 3424 est
675 3366 707 3424 in
733 3368 826 3427 veteri
844 3371 1031 3453 inscriptione
1052 3392 1143 3457 nuper
1158 3380 1277 3440 editaa

165 3450 278 3512 Tboma
298 3446 434 3511 Reinesio
457 3447 618 3591 [Sygtagm
633 3470 663 3529 p.
685 3448 759 3526 633]

373 3614 643 3675 ΑΝΤΩΝΕῙΑ
674 3618 856 3681 Moron

372 3700 459 3759 ΚΑΙ
487 3702 534 3759 Μ.
562 3700 914 3766 ΑΝΤΩΝΕΙΝΟΟ

372 3785 602 3845 ΑΛΚΜΑΝ
627 3784 862 3851 ΦΙΛΟΟΟΦ.

377 3866 495 3928 ΟΤΟΙ
500 3869 596 3931 1100
620 3871 765 3933 ANB&

371 4038 480 4100 Art',
501 4036 714 4102 ΚΑ10.Μ.
736 4042 987 4109 ΑΝΊῺΝΙΩ

374 4121 643 4183 ΓΟΡΔΙΑΝΩ
675 4126 734 4185 TE
761 4125 862 4206 (scrib.
888 4130 928 4211 B)

262 4223 267 4231 ¹
372 4207 468 4267 ΚΑΙ
497 4208 792 4275 nouissime

371 4292 460 4355 1110
468 4293 589 4357 ΤῙΚΑ
618 4294 726 4357 ΚΟΟ.
