<?xml version="1.0" encoding="UTF-8"?>
<!DOCTYPE html PUBLIC "-//W3C//DTD XHTML 1.0 Transitional//EN"
    "http://www.w3.org/TR/xhtml1/DTD/xhtml1-transitional.dtd">
<html xmlns="http://www.w3.org/1999/xhtml" xml:lang="en" lang="en">
 <head>
  <title>
</title>
<meta http-equiv="Content-Type" content="text/html;charset=utf-8" />
  <meta name='ocr-system' content='tesseract 3.04.00' />
  <meta name='ocr-capabilities' content='ocr_page ocr_carea ocr_par ocr_line ocrx_word'/>
</head>
<body>
  <div class='ocr_page' id='page_1' title='image "./corpusscriptoru53theogoog/corpusscriptoru53theogoog_0276.png"; bbox 0 0 3050 4809; ppageno 0'>
   <div class='ocr_carea' id='block_1_1' title="bbox 214 251 1006 372">
    <p class='ocr_par' dir='ltr' id='par_1_1' title="bbox 214 251 1006 372">
     <span class='ocr_line' id='line_1_1' title="bbox 214 251 1006 372; baseline 0 -52"><span class='ocrx_word' id='word_1_1' title='bbox 214 354 219 372; x_wconf 35' lang='lat'><strong><em>‘</em></strong></span> <span class='ocrx_word' id='word_1_2' title='bbox 257 251 340 320; x_wconf 76' lang='lat'><strong>282·</strong></span> <span class='ocrx_word' id='word_1_3' title='bbox 611 254 784 320; x_wconf 75' lang='lat' dir='ltr'><strong>loanuls</strong></span> <span class='ocrx_word' id='word_1_4' title='bbox 809 255 1006 320; x_wconf 75' lang='lat' dir='ltr'><strong>ZONARAE</strong></span> 
     </span>
    </p>
   </div>
   <div class='ocr_carea' id='block_1_2' title="bbox 156 410 1412 2786">
    <p class='ocr_par' dir='ltr' id='par_1_2' title="bbox 156 410 1412 2786">
     <span class='ocr_line' id='line_1_2' title="bbox 253 410 1364 512; baseline 0.003 -22"><span class='ocrx_word' id='word_1_5' title='bbox 253 452 314 508; x_wconf 87' lang='grc' dir='ltr'><strong>μου</strong></span> <span class='ocrx_word' id='word_1_6' title='bbox 332 410 367 491; x_wconf 82' lang='grc' dir='ltr'><strong>τό</strong></span> <span class='ocrx_word' id='word_1_7' title='bbox 384 421 545 511; x_wconf 75' lang='grc' dir='ltr'><strong><em>ψήφισμα.</em></strong></span> <span class='ocrx_word' id='word_1_8' title='bbox 596 427 625 491; x_wconf 79' lang='grc' dir='ltr'><strong>ολ</strong></span> <span class='ocrx_word' id='word_1_9' title='bbox 643 427 679 491; x_wconf 85' lang='grc' dir='ltr'><strong><em>δί</em></strong></span> <span class='ocrx_word' id='word_1_10' title='bbox 694 453 726 510; x_wconf 85' lang='grc' dir='ltr'><strong><em>γε</em></strong></span> <span class='ocrx_word' id='word_1_11' title='bbox 748 430 911 508; x_wconf 79' lang='grc' dir='ltr'><strong><em>βουλευταὶ</em></strong></span> <span class='ocrx_word' id='word_1_12' title='bbox 928 426 983 508; x_wconf 86' lang='grc' dir='ltr'><strong>τήν</strong></span> <span class='ocrx_word' id='word_1_13' title='bbox 1000 452 1032 492; x_wconf 90' lang='grc' dir='ltr'><strong>τε</strong></span> <span class='ocrx_word' id='word_1_14' title='bbox 1048 433 1109 490; x_wconf 84' lang='grc' dir='ltr'><strong>τῶν</strong></span> <span class='ocrx_word' id='word_1_15' title='bbox 1128 427 1283 512; x_wconf 80' lang='grc' dir='ltr'><strong><em>ιιρίσβεων</em></strong></span> <span class='ocrx_word' id='word_1_16' title='bbox 1301 429 1364 492; x_wconf 77' lang='grc' dir='ltr'><strong><em>ἱκε-</em></strong></span> 
     </span>
     <span class='ocr_line' id='line_1_3' title="bbox 252 528 1365 615; baseline 0 -22"><span class='ocrx_word' id='word_1_17' title='bbox 252 532 334 594; x_wconf 89' lang='grc' dir='ltr'><strong><em>τείαν</em></strong></span> <span class='ocrx_word' id='word_1_18' title='bbox 360 531 498 606; x_wconf 61' lang='lat' dir='ltr'><strong>trisemo</strong></span> <span class='ocrx_word' id='word_1_19' title='bbox 521 533 571 596; x_wconf 78' lang='lat' dir='ltr'><strong>aci</strong></span> <span class='ocrx_word' id='word_1_20' title='bbox 595 531 731 607; x_wconf 82' lang='grc' dir='ltr'><strong><em>σπονδὰς</em></strong></span> <span class='ocrx_word' id='word_1_21' title='bbox 753 531 857 606; x_wconf 81' lang='grc' dir='ltr'><strong><em>αὐτοῖς</em></strong></span> <span class='ocrx_word' id='word_1_22' title='bbox 879 529 1044 612; x_wconf 72' lang='grc' dir='ltr'><strong><em>ὑπέσχοντο</em></strong></span> <span class='ocrx_word' id='word_1_23' title='bbox 1062 541 1230 615; x_wconf 75' lang='grc' dir='ltr'><strong><em>παρασχεῖν</em></strong></span> <span class='ocrx_word' id='word_1_24' title='bbox 1247 533 1297 594; x_wconf 74' lang='grc' dir='ltr'><strong>καί</strong></span> <span class='ocrx_word' id='word_1_25' title='bbox 1314 528 1365 596; x_wconf 70' lang='lat' dir='ltr'><strong>ini</strong></span> 
     </span>
     <span class='ocr_line' id='line_1_4' title="bbox 254 625 1365 720; baseline 0.001 -23"><span class='ocrx_word' id='word_1_26' title='bbox 254 629 375 707; x_wconf 75' lang='grc' dir='ltr'><strong><em>τούτοις</em></strong></span> <span class='ocrx_word' id='word_1_27' title='bbox 402 630 537 719; x_wconf 77' lang='grc' dir='ltr'><strong><em>ὁμήρους</em></strong></span> <span class='ocrx_word' id='word_1_28' title='bbox 565 632 690 720; x_wconf 81' lang='grc' dir='ltr'><strong><em>ᾔτησαν.</em></strong></span> <span class='ocrx_word' id='word_1_29' title='bbox 741 633 796 709; x_wconf 77' lang='grc' dir='ltr'><strong><em>σός</em></strong></span> <span class='ocrx_word' id='word_1_30' title='bbox 819 631 959 710; x_wconf 85' lang='grc' dir='ltr'><strong><em>Λοόκιος</em></strong></span> <span class='ocrx_word' id='word_1_31' title='bbox 981 631 1128 720; x_wconf 75' lang='grc' dir='ltr'><strong><em>Μάρκιος</em></strong></span> <span class='ocrx_word' id='word_1_32' title='bbox 1153 635 1204 697; x_wconf 80' lang='grc' dir='ltr'><strong>καὶ</strong></span> <span class='ocrx_word' id='word_1_33' title='bbox 1228 625 1365 718; x_wconf 79' lang='grc' dir='ltr'><strong><em>Μάρκος</em></strong></span> 
     </span>
     <span class='ocr_line' id='line_1_5' title="bbox 256 735 1365 823; baseline -0.001 -20"><span class='ocrx_word' id='word_1_34' title='bbox 256 739 426 814; x_wconf 83' lang='grc' dir='ltr'><strong><em>Μανίλιος,</em></strong></span> <span class='ocrx_word' id='word_1_35' title='bbox 449 741 492 812; x_wconf 83' lang='grc' dir='ltr'><strong>είς</strong></span> <span class='ocrx_word' id='word_1_36' title='bbox 508 737 562 819; x_wconf 81' lang='grc' dir='ltr'><strong>τὴν</strong></span> <span class='ocrx_word' id='word_1_37' title='bbox 579 740 720 801; x_wconf 76' lang='grc' dir='ltr'><strong><em>Σικελίαν</em></strong></span> <span class='ocrx_word' id='word_1_38' title='bbox 736 735 892 814; x_wconf 75' lang='grc' dir='ltr'><strong><em>ἐλθόντες,</em></strong></span> <span class='ocrx_word' id='word_1_39' title='bbox 916 740 1009 803; x_wconf 80' lang='grc' dir='ltr'><strong><em>ε’κείσε</em></strong></span> <span class='ocrx_word' id='word_1_40' title='bbox 1027 737 1225 823; x_wconf 74' lang='grc' dir='ltr'><strong><em>πεμφθέντας</em></strong></span> <span class='ocrx_word' id='word_1_41' title='bbox 1242 737 1365 819; x_wconf 73' lang='grc' dir='ltr'><strong><em>ἔλαβον.</em></strong></span> 
     </span>
     <span class='ocr_line' id='line_1_6' title="bbox 216 837 1390 927; baseline 0 -23"><span class='ocrx_word' id='word_1_42' title='bbox 216 843 307 904; x_wconf 77' lang='lat' dir='ltr'><strong>lissei</strong></span> <span class='ocrx_word' id='word_1_43' title='bbox 333 839 405 916; x_wconf 84' lang='grc' dir='ltr'><strong><em>τοὺς</em></strong></span> <span class='ocrx_word' id='word_1_44' title='bbox 428 842 484 921; x_wconf 75' lang='grc' dir='ltr'><strong><em>μὲν</em></strong></span> <span class='ocrx_word' id='word_1_45' title='bbox 511 843 554 916; x_wconf 80' lang='grc' dir='ltr'><strong>είς</strong></span> <span class='ocrx_word' id='word_1_46' title='bbox 579 841 635 923; x_wconf 77' lang='grc' dir='ltr'><strong>τὴν</strong></span> <span class='ocrx_word' id='word_1_47' title='bbox 656 837 776 922; x_wconf 79' lang='grc' dir='ltr'><strong><em>Ῥώμην</em></strong></span> <span class='ocrx_word' id='word_1_48' title='bbox 803 839 955 923; x_wconf 67' lang='grc' dir='ltr'><strong><em>ἔπεμψαν,</em></strong></span> <span class='ocrx_word' id='word_1_49' title='bbox 989 840 1075 905; x_wconf 80' lang='grc' dir='ltr'><strong><em>αὐτοὶ</em></strong></span> <span class='ocrx_word' id='word_1_50' title='bbox 1103 842 1136 905; x_wconf 78' lang='grc' dir='ltr'><strong><em>δὲ</em></strong></span> <span class='ocrx_word' id='word_1_51' title='bbox 1163 844 1282 927; x_wconf 78' lang='grc' dir='ltr'><strong><em>σπουδῇ</em></strong></span> <span class='ocrx_word' id='word_1_52' title='bbox 1309 843 1390 922; x_wconf 62' lang='lat' dir='ltr'><strong>cirsai</strong></span> 
     </span>
     <span class='ocr_line' id='line_1_7' title="bbox 251 941 1366 1036; baseline 0.001 -29"><span class='ocrx_word' id='word_1_53' title='bbox 251 943 397 1028; x_wconf 72' lang='grc' dir='ltr'><strong><em>Ἀφρικὴν</em></strong></span> <span class='ocrx_word' id='word_1_54' title='bbox 427 943 636 1036; x_wconf 69' lang='grc' dir='ltr'><strong><em>κατειλήφασι.</em></strong></span> <span class='ocrx_word' id='word_1_55' title='bbox 668 993 672 1002; x_wconf 89' lang='grc'><em>.</em></span> <span class='ocrx_word' id='word_1_56' title='bbox 696 947 746 1007; x_wconf 77' lang='grc' dir='ltr'><strong>καὶ</strong></span> <span class='ocrx_word' id='word_1_57' title='bbox 777 941 1107 1029; x_wconf 72' lang='grc' dir='ltr'><strong><em>στρατοπεδευσάμενοι</em></strong></span> <span class='ocrx_word' id='word_1_58' title='bbox 1136 943 1174 1008; x_wconf 76' lang='grc' dir='ltr'><strong>τὰ</strong></span> <span class='ocrx_word' id='word_1_59' title='bbox 1206 945 1276 1028; x_wconf 87' lang='grc' dir='ltr'><strong><em>τίλη</em></strong></span> <span class='ocrx_word' id='word_1_60' title='bbox 1305 951 1366 1008; x_wconf 79' lang='grc' dir='ltr'><strong>τῶν</strong></span> 
     </span>
     <span class='ocr_line' id='line_1_8' title="bbox 257 1044 1366 1133; baseline 0.001 -22"><span class='ocrx_word' id='word_1_61' title='bbox 257 1048 477 1131; x_wconf 77' lang='grc' dir='ltr'><strong><em>Καρχηδονίων</em></strong></span> <span class='ocrx_word' id='word_1_62' title='bbox 503 1049 566 1111; x_wconf 73' lang='grc' dir='ltr'><strong><em>ε’κεῖ</em></strong></span> <span class='ocrx_word' id='word_1_63' title='bbox 587 1048 835 1130; x_wconf 76' lang='grc' dir='ltr'><strong><em>μετεπέμψαντο·</em></strong></span> <span class='ocrx_word' id='word_1_64' title='bbox 869 1051 919 1112; x_wconf 79' lang='grc' dir='ltr'><strong>καί</strong></span> <span class='ocrx_word' id='word_1_65' title='bbox 947 1044 988 1124; x_wconf 83' lang='grc' dir='ltr'><strong><em>ὡς</em></strong></span> <span class='ocrx_word' id='word_1_66' title='bbox 1015 1049 1177 1133; x_wconf 80' lang='grc' dir='ltr'><strong><em>ἀφίκοντο,</em></strong></span> <span class='ocrx_word' id='word_1_67' title='bbox 1201 1049 1241 1112; x_wconf 80' lang='grc' dir='ltr'><strong>οὐ</strong></span> <span class='ocrx_word' id='word_1_68' title='bbox 1266 1047 1366 1112; x_wconf 74' lang='grc' dir='ltr'><strong><em>πόντιε</em></strong></span> 
     </span>
     <span class='ocr_line' id='line_1_9' title="bbox 257 1147 1367 1236; baseline -0.002 -22"><span class='ocrx_word' id='word_1_69' title='bbox 257 1148 324 1232; x_wconf 79' lang='grc' dir='ltr'><strong>ἅμα</strong></span> <span class='ocrx_word' id='word_1_70' title='bbox 342 1153 446 1236; x_wconf 81' lang='grc' dir='ltr'><strong><em>σφίσιν</em></strong></span> <span class='ocrx_word' id='word_1_71' title='bbox 462 1147 521 1214; x_wconf 80' lang='grc' dir='ltr'><strong>ὅσα</strong></span> <span class='ocrx_word' id='word_1_72' title='bbox 538 1149 632 1234; x_wconf 81' lang='grc' dir='ltr'><strong><em>ᾔτουν</em></strong></span> <span class='ocrx_word' id='word_1_73' title='bbox 649 1151 805 1236; x_wconf 72' lang='grc' dir='ltr'><strong><em>ἐξέφηναν,</em></strong></span> <span class='ocrx_word' id='word_1_74' title='bbox 839 1153 989 1227; x_wconf 88' lang='grc' dir='ltr'><strong><em>δείσαντες</em></strong></span> <span class='ocrx_word' id='word_1_75' title='bbox 1005 1150 1050 1234; x_wconf 76' lang='grc' dir='ltr'><strong>μὴ</strong></span> <span class='ocrx_word' id='word_1_76' title='bbox 1068 1157 1165 1216; x_wconf 80' lang='grc' dir='ltr'><strong><em>ταῦτα</em></strong></span> <span class='ocrx_word' id='word_1_77' title='bbox 1182 1150 1367 1236; x_wconf 76' lang='grc' dir='ltr'><strong><em>προμαθόν-</em></strong></span> 
     </span>
     <span class='ocr_line' id='line_1_10' title="bbox 257 1251 1366 1340; baseline -0.002 -22"><span class='ocrx_word' id='word_1_78' title='bbox 257 1279 307 1330; x_wconf 88' lang='grc' dir='ltr'><strong>τες</strong></span> <span class='ocrx_word' id='word_1_79' title='bbox 322 1254 475 1338; x_wconf 75' lang='grc' dir='ltr'><strong><em>ἀκεραίοις</em></strong></span> <span class='ocrx_word' id='word_1_80' title='bbox 489 1264 553 1328; x_wconf 85' lang='grc' dir='ltr'><strong><em>τοῖς</em></strong></span> <span class='ocrx_word' id='word_1_81' title='bbox 570 1251 728 1338; x_wconf 79' lang='grc' dir='ltr'><strong><em>πράγμασι</em></strong></span> <span class='ocrx_word' id='word_1_82' title='bbox 749 1260 837 1340; x_wconf 83' lang='grc' dir='ltr'><strong><em>σφῶν</em></strong></span> <span class='ocrx_word' id='word_1_83' title='bbox 854 1261 1044 1320; x_wconf 80' lang='grc' dir='ltr'><strong><em>καταστῶσιν</em></strong></span> <span class='ocrx_word' id='word_1_84' title='bbox 1061 1258 1104 1329; x_wconf 79' lang='grc' dir='ltr'><strong>εἰς</strong></span> <span class='ocrx_word' id='word_1_85' title='bbox 1120 1251 1262 1334; x_wconf 84' lang='grc' dir='ltr'><strong><em>πόλεμον.</em></strong></span> <span class='ocrx_word' id='word_1_86' title='bbox 1315 1257 1366 1318; x_wconf 77' lang='grc' dir='ltr'><strong>καὶ</strong></span> 
     </span>
     <span class='ocr_line' id='line_1_11' title="bbox 257 1345 1410 1443; baseline -0.004 -20"><span class='ocrx_word' id='word_1_87' title='bbox 257 1357 291 1423; x_wconf 83' lang='grc' dir='ltr'><strong>τό</strong></span> <span class='ocrx_word' id='word_1_88' title='bbox 314 1357 371 1437; x_wconf 83' lang='grc' dir='ltr'><strong><em>μίν</em></strong></span> <span class='ocrx_word' id='word_1_89' title='bbox 395 1363 515 1441; x_wconf 82' lang='grc' dir='ltr'><strong><em>πρῶτον</em></strong></span> <span class='ocrx_word' id='word_1_90' title='bbox 539 1367 622 1422; x_wconf 81' lang='grc' dir='ltr'><strong><em>σῖτον</em></strong></span> <span class='ocrx_word' id='word_1_91' title='bbox 647 1356 763 1442; x_wconf 78' lang='grc' dir='ltr'><strong><em>ᾔτησαν</em></strong></span> <span class='ocrx_word' id='word_1_92' title='bbox 786 1362 836 1422; x_wconf 82' lang='grc' dir='ltr'><strong>καί</strong></span> <span class='ocrx_word' id='word_1_93' title='bbox 862 1345 983 1436; x_wconf 54' lang='lat' dir='ltr'><strong>ilatum,</strong></span> <span class='ocrx_word' id='word_1_94' title='bbox 1011 1355 1074 1422; x_wconf 76' lang='grc' dir='ltr'><strong><em>εἶτα</em></strong></span> <span class='ocrx_word' id='word_1_95' title='bbox 1091 1356 1146 1434; x_wconf 79' lang='grc' dir='ltr'><strong>τὰς</strong></span> <span class='ocrx_word' id='word_1_96' title='bbox 1164 1355 1297 1443; x_wconf 79' lang='grc' dir='ltr'><strong><em>τριήρεις</em></strong></span> <span class='ocrx_word' id='word_1_97' title='bbox 1313 1361 1410 1422; x_wconf 75' lang='lat' dir='ltr'><strong>anilo</strong></span> 
     </span>
     <span class='ocr_line' id='line_1_12' title="bbox 257 1450 1369 1548; baseline -0.001 -23"><span class='ocrx_word' id='word_1_98' title='bbox 257 1462 306 1525; x_wconf 74' lang='lat' dir='ltr'><strong>lul</strong></span> <span class='ocrx_word' id='word_1_99' title='bbox 325 1457 450 1536; x_wconf 86' lang='grc' dir='ltr'><strong><em>ταόταις</em></strong></span> <span class='ocrx_word' id='word_1_100' title='bbox 466 1460 505 1548; x_wconf 83' lang='grc' dir='ltr'><strong>τὰ</strong></span> <span class='ocrx_word' id='word_1_101' title='bbox 519 1450 744 1542; x_wconf 69' lang='grc' dir='ltr'><strong><em>μηχανήματα,</em></strong></span> <span class='ocrx_word' id='word_1_102' title='bbox 770 1459 890 1526; x_wconf 75' lang='grc' dir='ltr'><strong><em>εἶτατὰ</em></strong></span> <span class='ocrx_word' id='word_1_103' title='bbox 908 1460 987 1525; x_wconf 84' lang='grc' dir='ltr'><strong><em>ὅπλα</em></strong></span> <span class='ocrx_word' id='word_1_104' title='bbox 1007 1457 1212 1546; x_wconf 82' lang='grc' dir='ltr'><strong><em>προσῄτησαν.</em></strong></span> <span class='ocrx_word' id='word_1_105' title='bbox 1252 1460 1369 1542; x_wconf 69' lang='grc' dir='ltr'><strong><em>λαβόν-</em></strong></span> 
     </span>
     <span class='ocr_line' id='line_1_13' title="bbox 258 1555 1367 1650; baseline -0.001 -22"><span class='ocrx_word' id='word_1_106' title='bbox 258 1589 307 1639; x_wconf 89' lang='grc' dir='ltr'><strong>τες</strong></span> <span class='ocrx_word' id='word_1_107' title='bbox 330 1555 384 1628; x_wconf 73' lang='lat' dir='ltr'><strong>miv</strong></span> <span class='ocrx_word' id='word_1_108' title='bbox 408 1561 509 1628; x_wconf 82' lang='grc' dir='ltr'><strong><em>πάντα</em></strong></span> <span class='ocrx_word' id='word_1_109' title='bbox 533 1564 575 1645; x_wconf 77' lang='grc' dir='ltr'><strong>(οἱ</strong></span> <span class='ocrx_word' id='word_1_110' title='bbox 597 1563 657 1649; x_wconf 81' lang='grc' dir='ltr'><strong>γὰρ</strong></span> <span class='ocrx_word' id='word_1_111' title='bbox 675 1564 883 1649; x_wconf 77' lang='grc' dir='ltr'><strong><em>Καρχηδόνιοι</em></strong></span> <span class='ocrx_word' id='word_1_112' title='bbox 907 1565 1021 1646; x_wconf 83' lang='grc' dir='ltr'><strong><em>πολλὴν</em></strong></span> <span class='ocrx_word' id='word_1_113' title='bbox 1047 1562 1152 1648; x_wconf 77' lang='grc' dir='ltr'><strong><em>ἓτίραν</em></strong></span> <span class='ocrx_word' id='word_1_114' title='bbox 1169 1564 1367 1650; x_wconf 78' lang='grc' dir='ltr'><strong><em>παρασκευὴν</em></strong></span> 
     </span>
     <span class='ocr_line' id='line_1_14' title="bbox 257 1665 1367 1752; baseline -0.001 -21"><span class='ocrx_word' id='word_1_115' title='bbox 257 1668 464 1752; x_wconf 80' lang='grc' dir='ltr'><strong><em>κεκρομμίνην</em></strong></span> <span class='ocrx_word' id='word_1_116' title='bbox 488 1665 579 1750; x_wconf 76' lang='grc' dir='ltr'><strong><em>εἶχον)</em></strong></span> <span class='ocrx_word' id='word_1_117' title='bbox 604 1669 689 1743; x_wconf 72' lang='grc' dir='ltr'><strong><em>τέλος</em></strong></span> <span class='ocrx_word' id='word_1_118' title='bbox 712 1669 848 1735; x_wconf 72' lang='grc' dir='ltr'><strong><em>ε’κίλεοον</em></strong></span> <span class='ocrx_word' id='word_1_119' title='bbox 872 1668 982 1743; x_wconf 76' lang='grc' dir='ltr'><strong><em>αὐτοὺς</em></strong></span> <span class='ocrx_word' id='word_1_120' title='bbox 1007 1665 1206 1750; x_wconf 78' lang='grc' dir='ltr'><strong><em>κατασκάψαι</em></strong></span> <span class='ocrx_word' id='word_1_121' title='bbox 1231 1668 1288 1749; x_wconf 74' lang='grc' dir='ltr'><strong><em>μὲν</em></strong></span> <span class='ocrx_word' id='word_1_122' title='bbox 1312 1669 1367 1749; x_wconf 81' lang='grc' dir='ltr'><strong>τὴν</strong></span> 
     </span>
     <span class='ocr_line' id='line_1_15' title="bbox 256 1769 1366 1858; baseline 0 -25"><span class='ocrx_word' id='word_1_123' title='bbox 256 1770 345 1834; x_wconf 91' lang='grc' dir='ltr'><strong><em>πόλιν</em></strong></span> <span class='ocrx_word' id='word_1_124' title='bbox 372 1770 483 1846; x_wconf 76' lang='grc' dir='ltr'><strong><em>αὐτῶν,</em></strong></span> <span class='ocrx_word' id='word_1_125' title='bbox 518 1771 621 1854; x_wconf 69' lang='grc' dir='ltr'><strong><em>ἑτέραν</em></strong></span> <span class='ocrx_word' id='word_1_126' title='bbox 653 1769 685 1834; x_wconf 75' lang='grc' dir='ltr'><strong><em>δ’</em></strong></span> <span class='ocrx_word' id='word_1_127' title='bbox 718 1771 748 1834; x_wconf 81' lang='grc' dir='ltr'><strong><em>ίν</em></strong></span> <span class='ocrx_word' id='word_1_128' title='bbox 778 1775 923 1858; x_wconf 75' lang='grc' dir='ltr'><strong><em>μεσογείῳ</em></strong></span> <span class='ocrx_word' id='word_1_129' title='bbox 954 1773 1154 1856; x_wconf 79' lang='grc' dir='ltr'><strong><em>οἰκοδομῆσαι</em></strong></span> <span class='ocrx_word' id='word_1_130' title='bbox 1186 1771 1366 1852; x_wconf 75' lang='grc' dir='ltr'><strong><em>ἀτείχιστον,</em></strong></span> 
     </span>
     <span class='ocr_line' id='line_1_16' title="bbox 216 1869 1408 1962; baseline 0.002 -31"><span class='ocrx_word' id='word_1_131' title='bbox 216 1880 239 1931; x_wconf 87' lang='lat' dir='ltr'><strong>c</strong></span> <span class='ocrx_word' id='word_1_132' title='bbox 258 1869 444 1954; x_wconf 83' lang='grc' dir='ltr'><strong><em>ὀγδοήκοντα</em></strong></span> <span class='ocrx_word' id='word_1_133' title='bbox 468 1875 610 1948; x_wconf 75' lang='grc' dir='ltr'><strong><em>σταδίους</em></strong></span> <span class='ocrx_word' id='word_1_134' title='bbox 628 1879 682 1955; x_wconf 85' lang='grc' dir='ltr'><strong>τῆς</strong></span> <span class='ocrx_word' id='word_1_135' title='bbox 705 1873 869 1956; x_wconf 73' lang='grc' dir='ltr'><strong><em>θαλάσσης</em></strong></span> <span class='ocrx_word' id='word_1_136' title='bbox 892 1875 1060 1960; x_wconf 74' lang='grc' dir='ltr'><strong><em>διέχουσαν.</em></strong></span> <span class='ocrx_word' id='word_1_137' title='bbox 1113 1873 1192 1962; x_wconf 81' lang='grc' dir='ltr'><strong><em>πρὸς</em></strong></span> <span class='ocrx_word' id='word_1_138' title='bbox 1213 1881 1305 1939; x_wconf 79' lang='grc' dir='ltr'><strong><em>τοῦτο</em></strong></span> <span class='ocrx_word' id='word_1_139' title='bbox 1331 1874 1362 1938; x_wconf 76' lang='grc' dir='ltr'><strong><em>δ’</em></strong></span> <span class='ocrx_word' id='word_1_140' title='bbox 1377 1881 1408 1936; x_wconf 77' lang='grc'><strong>15</strong></span> 
     </span>
     <span class='ocr_line' id='line_1_17' title="bbox 258 1971 1368 2062; baseline 0.004 -24"><span class='ocrx_word' id='word_1_141' title='bbox 258 1974 287 2039; x_wconf 76' lang='grc' dir='ltr'><strong>οἳ</strong></span> <span class='ocrx_word' id='word_1_142' title='bbox 304 1971 514 2057; x_wconf 78' lang='grc' dir='ltr'><strong><em>Καρχηδόνιοι</em></strong></span> <span class='ocrx_word' id='word_1_143' title='bbox 531 1976 563 2050; x_wconf 78' lang='grc' dir='ltr'><strong><em>ίς</em></strong></span> <span class='ocrx_word' id='word_1_144' title='bbox 580 1974 699 2062; x_wconf 77' lang='grc' dir='ltr'><strong><em>δάκρυα</em></strong></span> <span class='ocrx_word' id='word_1_145' title='bbox 716 1978 949 2062; x_wconf 74' lang='grc' dir='ltr'><strong><em>κατηνίχθησειν</em></strong></span> <span class='ocrx_word' id='word_1_146' title='bbox 973 1981 1024 2041; x_wconf 82' lang='grc' dir='ltr'><strong>καλ</strong></span> <span class='ocrx_word' id='word_1_147' title='bbox 1042 1974 1083 2052; x_wconf 79' lang='grc' dir='ltr'><strong><em>ὡς</em></strong></span> <span class='ocrx_word' id='word_1_148' title='bbox 1100 1973 1267 2053; x_wconf 72' lang='grc' dir='ltr'><strong><em>ἕαλαικότες</em></strong></span> <span class='ocrx_word' id='word_1_149' title='bbox 1285 1979 1368 2042; x_wconf 79' lang='grc' dir='ltr'><strong><em>ἀνω-</em></strong></span> 
     </span>
     <span class='ocr_line' id='line_1_18' title="bbox 258 2063 1366 2166; baseline 0.003 -25"><span class='ocrx_word' id='word_1_150' title='bbox 258 2074 428 2162; x_wconf 78' lang='grc' dir='ltr'><strong><em>λοφύροντο</em></strong></span> <span class='ocrx_word' id='word_1_151' title='bbox 446 2078 496 2140; x_wconf 76' lang='grc' dir='ltr'><strong>καὶ</strong></span> <span class='ocrx_word' id='word_1_152' title='bbox 513 2063 709 2141; x_wconf 79' lang='grc' dir='ltr'><strong><em>ε’δίοντοτῶν</em></strong></span> <span class='ocrx_word' id='word_1_153' title='bbox 725 2075 850 2142; x_wconf 79' lang='grc' dir='ltr'><strong><em>ὑπάτων</em></strong></span> <span class='ocrx_word' id='word_1_154' title='bbox 866 2080 910 2160; x_wconf 78' lang='grc' dir='ltr'><strong>μὴ</strong></span> <span class='ocrx_word' id='word_1_155' title='bbox 928 2077 1155 2161; x_wconf 75' lang='grc' dir='ltr'><strong><em>καταναγκάσαι</em></strong></span> <span class='ocrx_word' id='word_1_156' title='bbox 1178 2088 1261 2166; x_wconf 70' lang='grc' dir='ltr'><strong><em>σφᾶς</em></strong></span> <span class='ocrx_word' id='word_1_157' title='bbox 1284 2083 1366 2164; x_wconf 80' lang='grc' dir='ltr'><strong><em>γενέ-</em></strong></span> 
     </span>
     <span class='ocr_line' id='line_1_19' title="bbox 258 2177 1366 2266; baseline 0.001 -21"><span class='ocrx_word' id='word_1_158' title='bbox 258 2185 337 2246; x_wconf 74' lang='grc' dir='ltr'><strong><em>σθαι</em></strong></span> <span class='ocrx_word' id='word_1_159' title='bbox 363 2186 417 2262; x_wconf 83' lang='grc' dir='ltr'><strong>τῆς</strong></span> <span class='ocrx_word' id='word_1_160' title='bbox 442 2181 588 2264; x_wconf 89' lang='grc' dir='ltr'><strong><em>πατρίδος</em></strong></span> <span class='ocrx_word' id='word_1_161' title='bbox 616 2177 817 2266; x_wconf 67' lang='grc' dir='ltr'><strong><em>αὐτόχειρας,</em></strong></span> <span class='ocrx_word' id='word_1_162' title='bbox 856 2177 898 2257; x_wconf 81' lang='grc' dir='ltr'><strong><em>ὡς</em></strong></span> <span class='ocrx_word' id='word_1_163' title='bbox 925 2181 955 2244; x_wconf 76' lang='grc' dir='ltr'><strong><em>δ’</em></strong></span> <span class='ocrx_word' id='word_1_164' title='bbox 985 2180 1073 2248; x_wconf 70' lang='grc' dir='ltr'><strong><em>οὐδὲν</em></strong></span> <span class='ocrx_word' id='word_1_165' title='bbox 1098 2179 1209 2263; x_wconf 77' lang='grc' dir='ltr'><strong><em>ἤνυον,</em></strong></span> <span class='ocrx_word' id='word_1_166' title='bbox 1244 2182 1314 2246; x_wconf 76' lang='grc' dir='ltr'><strong><em>ἀλλ’</em></strong></span> <span class='ocrx_word' id='word_1_167' title='bbox 1345 2183 1366 2266; x_wconf 82' lang='grc' dir='ltr'><em>ἢ</em></span> 
     </span>
     <span class='ocr_line' id='line_1_20' title="bbox 258 2280 1367 2370; baseline 0.002 -22"><span class='ocrx_word' id='word_1_168' title='bbox 258 2289 374 2370; x_wconf 80' lang='grc' dir='ltr'><strong><em>πρᾶξαι</em></strong></span> <span class='ocrx_word' id='word_1_169' title='bbox 390 2282 424 2347; x_wconf 87' lang='grc' dir='ltr'><strong>τό</strong></span> <span class='ocrx_word' id='word_1_170' title='bbox 442 2280 704 2368; x_wconf 78' lang='grc' dir='ltr'><strong><em>προσταττόμενον</em></strong></span> <span class='ocrx_word' id='word_1_171' title='bbox 720 2281 889 2348; x_wconf 76' lang='grc' dir='ltr'><strong><em>ε’κελεόοντο</em></strong></span> <span class='ocrx_word' id='word_1_172' title='bbox 913 2283 933 2366; x_wconf 79' lang='grc' dir='ltr'><em>ἢ</em></span> <span class='ocrx_word' id='word_1_173' title='bbox 958 2283 1129 2370; x_wconf 79' lang='grc' dir='ltr'><strong><em>ἀναρρῖψαι</em></strong></span> <span class='ocrx_word' id='word_1_174' title='bbox 1154 2285 1207 2350; x_wconf 85' lang='grc' dir='ltr'><strong>τόν</strong></span> <span class='ocrx_word' id='word_1_175' title='bbox 1222 2283 1367 2366; x_wconf 85' lang='grc' dir='ltr'><strong><em>πόλεμον,</em></strong></span> 
     </span>
     <span class='ocr_line' id='line_1_21' title="bbox 156 2383 1412 2477; baseline 0.001 -22"><span class='ocrx_word' id='word_1_176' title='bbox 156 2466 161 2477; x_wconf 24' lang='grc'><strong><em>1</em></strong></span> <span class='ocrx_word' id='word_1_177' title='bbox 257 2395 363 2470; x_wconf 80' lang='grc' dir='ltr'><strong><em>συχνοὶ</em></strong></span> <span class='ocrx_word' id='word_1_178' title='bbox 379 2388 435 2469; x_wconf 72' lang='grc' dir='ltr'><strong><em>μὲν</em></strong></span> <span class='ocrx_word' id='word_1_179' title='bbox 453 2387 547 2452; x_wconf 79' lang='grc' dir='ltr'><strong><em>αὐτοῦ</em></strong></span> <span class='ocrx_word' id='word_1_180' title='bbox 564 2387 649 2472; x_wconf 82' lang='grc' dir='ltr'><strong><em>παρὰ</em></strong></span> <span class='ocrx_word' id='word_1_181' title='bbox 665 2398 730 2463; x_wconf 84' lang='grc' dir='ltr'><strong><em>τοῖς</em></strong></span> <span class='ocrx_word' id='word_1_182' title='bbox 742 2384 903 2469; x_wconf 87' lang='grc' dir='ltr'><strong><em>Ῥωμαίοις</em></strong></span> <span class='ocrx_word' id='word_1_183' title='bbox 920 2383 961 2462; x_wconf 80' lang='grc' dir='ltr'><strong><em>ὡς</em></strong></span> <span class='ocrx_word' id='word_1_184' title='bbox 983 2386 1042 2470; x_wconf 75' lang='grc' dir='ltr'><strong><em>ἤδη</em></strong></span> <span class='ocrx_word' id='word_1_185' title='bbox 1060 2388 1258 2473; x_wconf 83' lang='grc' dir='ltr'><strong><em>κεκρατηκόσι</em></strong></span> <span class='ocrx_word' id='word_1_186' title='bbox 1274 2392 1412 2456; x_wconf 69' lang='grc' dir='ltr'><strong><em>κατέ-20</em></strong></span> 
     </span>
     <span class='ocr_line' id='line_1_22' title="bbox 256 2489 1367 2577; baseline -0.002 -19"><span class='ocrx_word' id='word_1_187' title='bbox 256 2519 373 2575; x_wconf 80' lang='grc' dir='ltr'><strong><em>μεινιιν,</em></strong></span> <span class='ocrx_word' id='word_1_188' title='bbox 400 2491 431 2556; x_wconf 78' lang='grc' dir='ltr'><strong>οἷ</strong></span> <span class='ocrx_word' id='word_1_189' title='bbox 454 2491 487 2554; x_wconf 80' lang='grc' dir='ltr'><strong><em>δὲ</em></strong></span> <span class='ocrx_word' id='word_1_190' title='bbox 511 2494 611 2554; x_wconf 76' lang='grc' dir='ltr'><strong><em>λοιποί</em></strong></span> <span class='ocrx_word' id='word_1_191' title='bbox 635 2489 931 2573; x_wconf 75' lang='grc' dir='ltr'><strong><em>ἀπαναχςορήσαντες</em></strong></span> <span class='ocrx_word' id='word_1_192' title='bbox 954 2497 1015 2555; x_wconf 78' lang='grc' dir='ltr'><strong>τῶν</strong></span> <span class='ocrx_word' id='word_1_193' title='bbox 1032 2517 1064 2555; x_wconf 87' lang='grc' dir='ltr'><strong>τε</strong></span> <span class='ocrx_word' id='word_1_194' title='bbox 1083 2493 1237 2577; x_wconf 73' lang='grc' dir='ltr'><strong><em>σιγετίρων</em></strong></span> <span class='ocrx_word' id='word_1_195' title='bbox 1255 2491 1367 2575; x_wconf 76' lang='grc' dir='ltr'><strong><em>ἀρχόν-</em></strong></span> 
     </span>
     <span class='ocr_line' id='line_1_23' title="bbox 170 2592 1367 2676; baseline -0.003 -13"><span class='ocrx_word' id='word_1_196' title='bbox 170 2623 176 2633; x_wconf 88' lang='grc'><strong>’</strong></span> <span class='ocrx_word' id='word_1_197' title='bbox 258 2623 319 2663; x_wconf 88' lang='grc' dir='ltr'><strong><em>τιον</em></strong></span> <span class='ocrx_word' id='word_1_198' title='bbox 342 2598 437 2669; x_wconf 72' lang='grc' dir='ltr'><strong><em>ἐνίους</em></strong></span> <span class='ocrx_word' id='word_1_199' title='bbox 459 2595 634 2658; x_wconf 77' lang='grc' dir='ltr'><strong><em>ἀπέκτειναν</em></strong></span> <span class='ocrx_word' id='word_1_200' title='bbox 657 2593 704 2658; x_wconf 83' lang='grc' dir='ltr'><strong>ὅτι</strong></span> <span class='ocrx_word' id='word_1_201' title='bbox 728 2593 771 2676; x_wconf 79' lang='grc' dir='ltr'><strong>μὴ</strong></span> <span class='ocrx_word' id='word_1_202' title='bbox 796 2595 865 2658; x_wconf 81' lang='grc' dir='ltr'><strong><em>κατ’</em></strong></span> <span class='ocrx_word' id='word_1_203' title='bbox 893 2592 990 2674; x_wconf 82' lang='grc' dir='ltr'><strong><em>ἀρχὰς</em></strong></span> <span class='ocrx_word' id='word_1_204' title='bbox 1015 2593 1067 2668; x_wconf 82' lang='grc' dir='ltr'><strong>τόν</strong></span> <span class='ocrx_word' id='word_1_205' title='bbox 1092 2592 1223 2676; x_wconf 86' lang='grc' dir='ltr'><strong><em>πόλεμον</em></strong></span> <span class='ocrx_word' id='word_1_206' title='bbox 1243 2600 1367 2672; x_wconf 70' lang='grc' dir='ltr'><strong><em>εἵλοντο,</em></strong></span> 
     </span>
     <span class='ocr_line' id='line_1_24' title="bbox 259 2693 1368 2786; baseline -0.002 -22"><span class='ocrx_word' id='word_1_207' title='bbox 259 2702 310 2764; x_wconf 77' lang='grc' dir='ltr'><strong>καί</strong></span> <span class='ocrx_word' id='word_1_208' title='bbox 327 2698 399 2774; x_wconf 81' lang='grc' dir='ltr'><strong><em>τοδς</em></strong></span> <span class='ocrx_word' id='word_1_209' title='bbox 416 2697 500 2772; x_wconf 73' lang='grc' dir='ltr'><strong><em>ἐντὸς</em></strong></span> <span class='ocrx_word' id='word_1_210' title='bbox 516 2705 570 2761; x_wconf 84' lang='grc' dir='ltr'><strong>τοῦ</strong></span> <span class='ocrx_word' id='word_1_211' title='bbox 588 2700 704 2778; x_wconf 88' lang='grc' dir='ltr'><strong><em>τείχους</em></strong></span> <span class='ocrx_word' id='word_1_212' title='bbox 721 2693 901 2782; x_wconf 71' lang='grc' dir='ltr'><strong><em>εὑρεθέντας</em></strong></span> <span class='ocrx_word' id='word_1_213' title='bbox 913 2693 1081 2778; x_wconf 80' lang='grc' dir='ltr'><strong><em>Ῥωμαίους</em></strong></span> <span class='ocrx_word' id='word_1_214' title='bbox 1099 2699 1290 2786; x_wconf 70' lang='grc' dir='ltr'><strong><em>διέφθειραν,</em></strong></span> <span class='ocrx_word' id='word_1_215' title='bbox 1316 2703 1368 2764; x_wconf 82' lang='grc' dir='ltr'><strong>καὶ</strong></span> 
     </span>
    </p>
   </div>
   <div class='ocr_carea' id='block_1_3' title="bbox 225 2917 1369 3136">
    <p class='ocr_par' dir='ltr' id='par_1_3' title="bbox 225 2917 1369 3136">
     <span class='ocr_line' id='line_1_25' title="bbox 225 2917 1367 3008; baseline 0 -12"><span class='ocrx_word' id='word_1_216' title='bbox 225 2917 229 2922; x_wconf 89' lang='lat'>.</span> <span class='ocrx_word' id='word_1_217' title='bbox 327 2937 424 2996; x_wconf 71' lang='lat' dir='ltr'><strong>siuet</strong></span> <span class='ocrx_word' id='word_1_218' title='bbox 436 2941 469 2995; x_wconf 81' lang='grc' dir='ltr'><strong>Α.</strong></span> <span class='ocrx_word' id='word_1_219' title='bbox 575 2944 609 2996; x_wconf 90' lang='grc'><strong>10</strong></span> <span class='ocrx_word' id='word_1_220' title='bbox 625 2936 675 3002; x_wconf 80' lang='grc' dir='ltr'><strong><em>τοὶς</em></strong></span> <span class='ocrx_word' id='word_1_221' title='bbox 692 2958 738 3004; x_wconf 81' lang='lat' dir='ltr'><strong>om¹</strong></span> <span class='ocrx_word' id='word_1_222' title='bbox 751 2944 785 2993; x_wconf 83' lang='lat' dir='ltr'><strong>A.</strong></span> <span class='ocrx_word' id='word_1_223' title='bbox 875 2941 906 2994; x_wconf 83' lang='lat'><strong>13</strong></span> <span class='ocrx_word' id='word_1_224' title='bbox 923 2935 974 3008; x_wconf 71' lang='lat' dir='ltr'><strong>niv</strong></span> <span class='ocrx_word' id='word_1_225' title='bbox 991 2958 1032 2994; x_wconf 88' lang='lat' dir='ltr'><strong>om</strong></span> <span class='ocrx_word' id='word_1_226' title='bbox 1047 2942 1080 2994; x_wconf 81' lang='lat' dir='ltr'><strong>A.</strong></span> <span class='ocrx_word' id='word_1_227' title='bbox 1176 2945 1208 2996; x_wconf 82' lang='lat'><strong>15</strong></span> <span class='ocrx_word' id='word_1_228' title='bbox 1226 2937 1256 2995; x_wconf 88' lang='grc' dir='ltr'><strong><em>δ’</em></strong></span> <span class='ocrx_word' id='word_1_229' title='bbox 1274 2963 1316 2997; x_wconf 89' lang='lat' dir='ltr'><strong>om</strong></span> <span class='ocrx_word' id='word_1_230' title='bbox 1334 2947 1367 2998; x_wconf 82' lang='grc' dir='ltr'><strong>Α.</strong></span> 
     </span>
     <span class='ocr_line' id='line_1_26' title="bbox 329 3006 1369 3136; baseline 0.007 -76"><span class='ocrx_word' id='word_1_231' title='bbox 329 3006 565 3136; x_wconf 50' lang='grc' dir='ltr'><strong><em>ὲίέξρρηρρηπίέαι</em></strong></span> <span class='ocrx_word' id='word_1_232' title='bbox 585 3016 618 3067; x_wconf 84' lang='grc' dir='ltr'><strong>Δ.</strong></span> <span class='ocrx_word' id='word_1_233' title='bbox 739 3009 774 3063; x_wconf 71' lang='lat'><strong>23</strong></span> <span class='ocrx_word' id='word_1_234' title='bbox 792 3006 946 3078; x_wconf 74' lang='grc' dir='ltr'><strong><em>Ῥωμαίους</em></strong></span> <span class='ocrx_word' id='word_1_235' title='bbox 969 3027 1009 3064; x_wconf 84' lang='grc' dir='ltr'><strong>σαι</strong></span> <span class='ocrx_word' id='word_1_236' title='bbox 1035 3012 1067 3069; x_wconf 78' lang='grc'><strong>0.</strong></span> <span class='ocrx_word' id='word_1_237' title='bbox 1188 3007 1369 3082; x_wconf 79' lang='grc' dir='ltr'><strong><em>διέφθειραν]</em></strong></span> 
     </span>
    </p>
   </div>
   <div class='ocr_carea' id='block_1_4' title="bbox 258 3300 1370 4343">
    <p class='ocr_par' dir='ltr' id='par_1_4' title="bbox 258 3300 1370 4343">
     <span class='ocr_line' id='line_1_27' title="bbox 259 3300 1369 3372; baseline 0.005 -20"><span class='ocrx_word' id='word_1_238' title='bbox 259 3317 349 3353; x_wconf 81' lang='lat' dir='ltr'><strong>aarum</strong></span> <span class='ocrx_word' id='word_1_239' title='bbox 366 3309 472 3354; x_wconf 81' lang='lat' dir='ltr'><strong>senatum</strong></span> <span class='ocrx_word' id='word_1_240' title='bbox 490 3307 520 3355; x_wconf 90' lang='lat' dir='ltr'><strong>et</strong></span> <span class='ocrx_word' id='word_1_241' title='bbox 535 3319 627 3372; x_wconf 83' lang='lat' dir='ltr'><strong>preces</strong></span> <span class='ocrx_word' id='word_1_242' title='bbox 645 3302 790 3372; x_wconf 78' lang='lat' dir='ltr'><strong>legatorum</strong></span> <span class='ocrx_word' id='word_1_243' title='bbox 809 3300 929 3366; x_wconf 82' lang='lat' dir='ltr'>admisit,</span> <span class='ocrx_word' id='word_1_244' title='bbox 957 3306 985 3352; x_wconf 92' lang='lat' dir='ltr'><strong>et</strong></span> <span class='ocrx_word' id='word_1_245' title='bbox 1002 3317 1090 3370; x_wconf 85' lang='lat' dir='ltr'><strong>pacem</strong></span> <span class='ocrx_word' id='word_1_246' title='bbox 1107 3301 1148 3354; x_wconf 87' lang='lat' dir='ltr'><strong>eis</strong></span> <span class='ocrx_word' id='word_1_247' title='bbox 1166 3309 1208 3355; x_wconf 89' lang='lat' dir='ltr'><strong>est</strong></span> <span class='ocrx_word' id='word_1_248' title='bbox 1224 3301 1369 3372; x_wconf 76' lang='lat' dir='ltr'><strong>pollicitus,</strong></span> 
     </span>
     <span class='ocr_line' id='line_1_28' title="bbox 261 3369 1369 3453; baseline 0.002 -31"><span class='ocrx_word' id='word_1_249' title='bbox 261 3370 398 3422; x_wconf 88' lang='lat' dir='ltr'><strong>obsidibus</strong></span> <span class='ocrx_word' id='word_1_250' title='bbox 416 3371 517 3453; x_wconf 81' lang='lat' dir='ltr'><strong>petitia.</strong></span> <span class='ocrx_word' id='word_1_251' title='bbox 553 3389 618 3440; x_wconf 88' lang='lat' dir='ltr'><strong>ques</strong></span> <span class='ocrx_word' id='word_1_252' title='bbox 642 3370 673 3426; x_wconf 78' lang='lat' dir='ltr'><strong>L.</strong></span> <span class='ocrx_word' id='word_1_253' title='bbox 698 3370 817 3424; x_wconf 77' lang='lat' dir='ltr'><strong>Marcius</strong></span> <span class='ocrx_word' id='word_1_254' title='bbox 841 3380 869 3424; x_wconf 90' lang='lat' dir='ltr'><strong>et</strong></span> <span class='ocrx_word' id='word_1_255' title='bbox 887 3369 924 3426; x_wconf 85' lang='lat' dir='ltr'><strong>lli.</strong></span> <span class='ocrx_word' id='word_1_256' title='bbox 944 3370 1067 3424; x_wconf 75' lang='lat' dir='ltr'>Manilius</span> <span class='ocrx_word' id='word_1_257' title='bbox 1090 3370 1117 3422; x_wconf 91' lang='lat' dir='ltr'><strong>in</strong></span> <span class='ocrx_word' id='word_1_258' title='bbox 1135 3371 1227 3424; x_wconf 79' lang='lat' dir='ltr'><strong>Sicilia</strong></span> <span class='ocrx_word' id='word_1_259' title='bbox 1245 3384 1369 3442; x_wconf 86' lang='lat' dir='ltr'><strong>acceptes</strong></span> 
     </span>
     <span class='ocr_line' id='line_1_29' title="bbox 259 3437 1369 3510; baseline 0.003 -18"><span class='ocrx_word' id='word_1_260' title='bbox 259 3438 368 3492; x_wconf 84' lang='lat' dir='ltr'><strong>Romam</strong></span> <span class='ocrx_word' id='word_1_261' title='bbox 393 3451 531 3493; x_wconf 76' lang='lat' dir='ltr'><strong>miserunt:</strong></span> <span class='ocrx_word' id='word_1_262' title='bbox 563 3441 616 3508; x_wconf 85' lang='lat' dir='ltr'><strong>ipsi</strong></span> <span class='ocrx_word' id='word_1_263' title='bbox 639 3440 798 3493; x_wconf 77' lang='lat' dir='ltr'><strong>festinanter</strong></span> <span class='ocrx_word' id='word_1_264' title='bbox 823 3439 850 3490; x_wconf 90' lang='lat' dir='ltr'><strong>in</strong></span> <span class='ocrx_word' id='word_1_265' title='bbox 871 3437 987 3502; x_wconf 76' lang='lat' dir='ltr'><strong>Africam</strong></span> <span class='ocrx_word' id='word_1_266' title='bbox 1014 3440 1180 3510; x_wconf 88' lang='lat' dir='ltr'><strong>appulerunt.</strong></span> <span class='ocrx_word' id='word_1_267' title='bbox 1221 3443 1369 3510; x_wconf 79' lang='lat' dir='ltr'><strong>castrisque</strong></span> 
     </span>
     <span class='ocr_line' id='line_1_30' title="bbox 258 3507 1370 3578; baseline 0.004 -19"><span class='ocrx_word' id='word_1_268' title='bbox 258 3509 353 3578; x_wconf 84' lang='lat' dir='ltr'><strong>positis</strong></span> <span class='ocrx_word' id='word_1_269' title='bbox 381 3516 409 3561; x_wconf 86' lang='lat' dir='ltr'><strong>ct</strong></span> <span class='ocrx_word' id='word_1_270' title='bbox 439 3511 634 3578; x_wconf 80' lang='lat' dir='ltr'><strong>magistratibus</strong></span> <span class='ocrx_word' id='word_1_271' title='bbox 662 3507 917 3577; x_wconf 79' lang='lat' dir='ltr'><strong>Carthaginiensium</strong></span> <span class='ocrx_word' id='word_1_272' title='bbox 943 3509 1076 3562; x_wconf 85' lang='lat' dir='ltr'><strong>arcessitis</strong></span> <span class='ocrx_word' id='word_1_273' title='bbox 1102 3527 1153 3561; x_wconf 89' lang='lat' dir='ltr'><strong>nou</strong></span> <span class='ocrx_word' id='word_1_274' title='bbox 1179 3509 1266 3561; x_wconf 85' lang='lat' dir='ltr'><strong>omnia</strong></span> <span class='ocrx_word' id='word_1_275' title='bbox 1295 3512 1370 3564; x_wconf 91' lang='lat' dir='ltr'><strong>simul</strong></span> 
     </span>
     <span class='ocr_line' id='line_1_31' title="bbox 259 3577 1370 3649; baseline 0.003 -19"><span class='ocrx_word' id='word_1_276' title='bbox 259 3595 328 3644; x_wconf 79' lang='lat' dir='ltr'><strong>quae</strong></span> <span class='ocrx_word' id='word_1_277' title='bbox 347 3579 516 3645; x_wconf 85' lang='lat' dir='ltr'><strong>postulabant</strong></span> <span class='ocrx_word' id='word_1_278' title='bbox 533 3589 725 3648; x_wconf 82' lang='lat' dir='ltr'><strong>exposuerunt,</strong></span> <span class='ocrx_word' id='word_1_279' title='bbox 748 3577 830 3632; x_wconf 82' lang='lat' dir='ltr'><strong>veriti</strong></span> <span class='ocrx_word' id='word_1_280' title='bbox 848 3577 929 3628; x_wconf 87' lang='lat' dir='ltr'><strong>neiis</strong></span> <span class='ocrx_word' id='word_1_281' title='bbox 949 3579 1142 3647; x_wconf 78' lang='lat' dir='ltr'><strong>praecognitis,</strong></span> <span class='ocrx_word' id='word_1_282' title='bbox 1158 3581 1239 3631; x_wconf 89' lang='lat' dir='ltr'><strong>rebus</strong></span> <span class='ocrx_word' id='word_1_283' title='bbox 1256 3580 1370 3649; x_wconf 81' lang='lat' dir='ltr'><strong>integris</strong></span> 
     </span>
     <span class='ocr_line' id='line_1_32' title="bbox 260 3646 1370 3717; baseline 0.002 -19"><span class='ocrx_word' id='word_1_284' title='bbox 260 3646 352 3698; x_wconf 92' lang='lat' dir='ltr'><strong>bellum</strong></span> <span class='ocrx_word' id='word_1_285' title='bbox 378 3657 556 3716; x_wconf 77' lang='lat' dir='ltr'><strong>capesserent.</strong></span> <span class='ocrx_word' id='word_1_286' title='bbox 593 3667 624 3699; x_wconf 91' lang='lat' dir='ltr'><strong>ac</strong></span> <span class='ocrx_word' id='word_1_287' title='bbox 648 3651 757 3717; x_wconf 89' lang='lat' dir='ltr'><strong>primum</strong></span> <span class='ocrx_word' id='word_1_288' title='bbox 784 3647 937 3700; x_wconf 82' lang='lat' dir='ltr'><strong>trumentum</strong></span> <span class='ocrx_word' id='word_1_289' title='bbox 965 3649 1116 3714; x_wconf 85' lang='lat' dir='ltr'><strong>petentibus</strong></span> <span class='ocrx_word' id='word_1_290' title='bbox 1140 3650 1244 3714; x_wconf 85' lang='lat' dir='ltr'><strong>datum,</strong></span> <span class='ocrx_word' id='word_1_291' title='bbox 1274 3649 1370 3703; x_wconf 87' lang='lat' dir='ltr'><strong>deinde</strong></span> 
     </span>
     <span class='ocr_line' id='line_1_33' title="bbox 260 3716 1370 3787; baseline 0.003 -20"><span class='ocrx_word' id='word_1_292' title='bbox 260 3716 392 3781; x_wconf 80' lang='lat' dir='ltr'><strong>triremes,</strong></span> <span class='ocrx_word' id='word_1_293' title='bbox 410 3727 504 3784; x_wconf 86' lang='lat' dir='ltr'><strong>postea</strong></span> <span class='ocrx_word' id='word_1_294' title='bbox 515 3719 656 3770; x_wconf 86' lang='lat' dir='ltr'><strong>machinae.</strong></span> <span class='ocrx_word' id='word_1_295' title='bbox 693 3718 806 3784; x_wconf 86' lang='lat' dir='ltr'><strong>denique</strong></span> <span class='ocrx_word' id='word_1_296' title='bbox 823 3716 900 3768; x_wconf 81' lang='lat' dir='ltr'><strong>aruris</strong></span> <span class='ocrx_word' id='word_1_297' title='bbox 920 3717 998 3768; x_wconf 86' lang='lat' dir='ltr'><strong>etism</strong></span> <span class='ocrx_word' id='word_1_298' title='bbox 1016 3717 1133 3787; x_wconf 85' lang='lat' dir='ltr'><strong>acceptis</strong></span> <span class='ocrx_word' id='word_1_299' title='bbox 1149 3718 1370 3786; x_wconf 79' lang='lat' dir='ltr'><strong>(Carthaginien-</strong></span> 
     </span>
     <span class='ocr_line' id='line_1_34' title="bbox 259 3786 1369 3856; baseline 0 -19"><span class='ocrx_word' id='word_1_300' title='bbox 259 3803 304 3837; x_wconf 84' lang='lat' dir='ltr'><strong>ses</strong></span> <span class='ocrx_word' id='word_1_301' title='bbox 321 3786 389 3836; x_wconf 86' lang='lat' dir='ltr'><strong>enim</strong></span> <span class='ocrx_word' id='word_1_302' title='bbox 407 3786 471 3838; x_wconf 88' lang='lat' dir='ltr'><strong>clam</strong></span> <span class='ocrx_word' id='word_1_303' title='bbox 487 3786 566 3838; x_wconf 87' lang='lat' dir='ltr'><strong>alium</strong></span> <span class='ocrx_word' id='word_1_304' title='bbox 582 3804 703 3854; x_wconf 83' lang='lat' dir='ltr'><strong>magnum</strong></span> <span class='ocrx_word' id='word_1_305' title='bbox 718 3793 873 3856; x_wconf 90' lang='lat' dir='ltr'><strong>apparatum</strong></span> <span class='ocrx_word' id='word_1_306' title='bbox 891 3786 1052 3855; x_wconf 89' lang='lat' dir='ltr'><strong>habebant),</strong></span> <span class='ocrx_word' id='word_1_307' title='bbox 1078 3805 1124 3840; x_wconf 88' lang='lat' dir='ltr'><strong>eos</strong></span> <span class='ocrx_word' id='word_1_308' title='bbox 1148 3790 1240 3842; x_wconf 88' lang='lat' dir='ltr'><strong>urbem</strong></span> <span class='ocrx_word' id='word_1_309' title='bbox 1263 3787 1369 3838; x_wconf 82' lang='lat' dir='ltr'><strong>diruere</strong></span> 
     </span>
     <span class='ocr_line' id='line_1_35' title="bbox 261 3853 1369 3924; baseline 0.002 -17"><span class='ocrx_word' id='word_1_310' title='bbox 261 3865 289 3907; x_wconf 91' lang='lat' dir='ltr'><strong>et</strong></span> <span class='ocrx_word' id='word_1_311' title='bbox 306 3853 383 3904; x_wconf 83' lang='lat' dir='ltr'><strong>aliam</strong></span> <span class='ocrx_word' id='word_1_312' title='bbox 400 3854 428 3906; x_wconf 89' lang='lat' dir='ltr'><strong>in</strong></span> <span class='ocrx_word' id='word_1_313' title='bbox 445 3854 635 3908; x_wconf 82' lang='lat' dir='ltr'><strong>mediterraneo</strong></span> <span class='ocrx_word' id='word_1_314' title='bbox 653 3858 709 3908; x_wconf 88' lang='lat' dir='ltr'><strong>sine</strong></span> <span class='ocrx_word' id='word_1_315' title='bbox 726 3854 805 3908; x_wconf 90' lang='lat' dir='ltr'><strong>muris</strong></span> <span class='ocrx_word' id='word_1_316' title='bbox 821 3865 975 3920; x_wconf 81' lang='lat' dir='ltr'><strong>exstruere,</strong></span> <span class='ocrx_word' id='word_1_317' title='bbox 999 3857 1137 3924; x_wconf 83' lang='lat' dir='ltr'><strong>octoginta</strong></span> <span class='ocrx_word' id='word_1_318' title='bbox 1159 3857 1251 3910; x_wconf 88' lang='lat' dir='ltr'><strong>stadiis</strong></span> <span class='ocrx_word' id='word_1_319' title='bbox 1268 3875 1284 3910; x_wconf 92' lang='lat' dir='ltr'><strong>a</strong></span> <span class='ocrx_word' id='word_1_320' title='bbox 1300 3857 1369 3909; x_wconf 83' lang='lat' dir='ltr'><strong>mari</strong></span> 
     </span>
     <span class='ocr_line' id='line_1_36' title="bbox 261 3921 1370 3995; baseline 0.002 -19"><span class='ocrx_word' id='word_1_321' title='bbox 261 3921 388 3986; x_wconf 87' lang='lat' dir='ltr'><strong>dissitam,</strong></span> <span class='ocrx_word' id='word_1_322' title='bbox 406 3922 550 3976; x_wconf 86' lang='lat' dir='ltr'><strong>iusserunt.</strong></span> <span class='ocrx_word' id='word_1_323' title='bbox 585 3927 617 3977; x_wconf 87' lang='lat' dir='ltr'><strong>ad</strong></span> <span class='ocrx_word' id='word_1_324' title='bbox 636 3925 700 3977; x_wconf 83' lang='lat' dir='ltr'><strong>illud</strong></span> <span class='ocrx_word' id='word_1_325' title='bbox 717 3924 947 3993; x_wconf 80' lang='lat' dir='ltr'><strong>Carthaginienses</strong></span> <span class='ocrx_word' id='word_1_326' title='bbox 964 3925 992 3976; x_wconf 91' lang='lat' dir='ltr'><strong>in</strong></span> <span class='ocrx_word' id='word_1_327' title='bbox 1011 3927 1131 3979; x_wconf 84' lang='lat' dir='ltr'><strong>lacrimas</strong></span> <span class='ocrx_word' id='word_1_328' title='bbox 1147 3925 1227 3980; x_wconf 85' lang='lat' dir='ltr'><strong>soluti</strong></span> <span class='ocrx_word' id='word_1_329' title='bbox 1245 3935 1370 3995; x_wconf 70' lang='lat' dir='ltr'><strong>unquam</strong></span> 
     </span>
     <span class='ocr_line' id='line_1_37' title="bbox 261 3991 1369 4064; baseline 0 -18"><span class='ocrx_word' id='word_1_330' title='bbox 261 3993 327 4046; x_wconf 87' lang='lat' dir='ltr'><strong>urbe</strong></span> <span class='ocrx_word' id='word_1_331' title='bbox 345 3998 424 4061; x_wconf 85' lang='lat' dir='ltr'><strong>capta</strong></span> <span class='ocrx_word' id='word_1_332' title='bbox 442 3991 574 4044; x_wconf 88' lang='lat' dir='ltr'><strong>lamentati</strong></span> <span class='ocrx_word' id='word_1_333' title='bbox 594 4005 664 4058; x_wconf 89' lang='lat' dir='ltr'><strong>sunt,</strong></span> <span class='ocrx_word' id='word_1_334' title='bbox 680 3994 835 4063; x_wconf 86' lang='lat' dir='ltr'><strong>precatique</strong></span> <span class='ocrx_word' id='word_1_335' title='bbox 853 3995 1022 4047; x_wconf 80' lang='lat' dir='ltr'><strong>consulesne</strong></span> <span class='ocrx_word' id='word_1_336' title='bbox 1041 3996 1142 4064; x_wconf 84' lang='lat' dir='ltr'><strong>patriae</strong></span> <span class='ocrx_word' id='word_1_337' title='bbox 1160 3995 1258 4048; x_wconf 83' lang='lat' dir='ltr'><strong>afferre</strong></span> <span class='ocrx_word' id='word_1_338' title='bbox 1278 4012 1369 4048; x_wconf 87' lang='lat' dir='ltr'><strong>manus</strong></span> 
     </span>
     <span class='ocr_line' id='line_1_38' title="bbox 260 4063 1368 4133; baseline 0.001 -17"><span class='ocrx_word' id='word_1_339' title='bbox 260 4072 428 4130; x_wconf 84' lang='lat' dir='ltr'><strong>cogerentur.</strong></span> <span class='ocrx_word' id='word_1_340' title='bbox 465 4063 512 4114; x_wconf 86' lang='lat' dir='ltr'><strong>aad</strong></span> <span class='ocrx_word' id='word_1_341' title='bbox 530 4080 586 4114; x_wconf 86' lang='lat' dir='ltr'><strong>cam</strong></span> <span class='ocrx_word' id='word_1_342' title='bbox 604 4063 669 4115; x_wconf 90' lang='lat' dir='ltr'><strong>nihil</strong></span> <span class='ocrx_word' id='word_1_343' title='bbox 686 4064 853 4131; x_wconf 82' lang='lat' dir='ltr'><strong>proficerent,</strong></span> <span class='ocrx_word' id='word_1_344' title='bbox 872 4072 899 4116; x_wconf 86' lang='lat' dir='ltr'><strong>et</strong></span> <span class='ocrx_word' id='word_1_345' title='bbox 914 4071 961 4115; x_wconf 88' lang='lat' dir='ltr'><strong>aut</strong></span> <span class='ocrx_word' id='word_1_346' title='bbox 977 4066 1106 4133; x_wconf 86' lang='lat' dir='ltr'><strong>imperata</strong></span> <span class='ocrx_word' id='word_1_347' title='bbox 1123 4067 1233 4132; x_wconf 79' lang='lat' dir='ltr'><strong>exsequi</strong></span> <span class='ocrx_word' id='word_1_348' title='bbox 1251 4077 1298 4118; x_wconf 80' lang='lat' dir='ltr'><strong>aut</strong></span> <span class='ocrx_word' id='word_1_349' title='bbox 1314 4065 1368 4118; x_wconf 85' lang='lat' dir='ltr'><strong>bel-</strong></span> 
     </span>
     <span class='ocr_line' id='line_1_39' title="bbox 259 4129 1369 4214; baseline -0.001 -29"><span class='ocrx_word' id='word_1_350' title='bbox 259 4133 310 4185; x_wconf 87' lang='lat' dir='ltr'><strong>lum</strong></span> <span class='ocrx_word' id='word_1_351' title='bbox 329 4130 445 4200; x_wconf 84' lang='lat' dir='ltr'><strong>experiri</strong></span> <span class='ocrx_word' id='word_1_352' title='bbox 462 4129 632 4196; x_wconf 83' lang='lat' dir='ltr'><strong>iuberentur,</strong></span> <span class='ocrx_word' id='word_1_353' title='bbox 658 4131 729 4184; x_wconf 89' lang='lat' dir='ltr'><strong>multi</strong></span> <span class='ocrx_word' id='word_1_354' title='bbox 751 4135 820 4214; x_wconf 87' lang='lat' dir='ltr'><strong>apud</strong></span> <span class='ocrx_word' id='word_1_355' title='bbox 840 4133 969 4186; x_wconf 80' lang='lat' dir='ltr'><strong>Rosuaucs</strong></span> <span class='ocrx_word' id='word_1_356' title='bbox 988 4145 1018 4186; x_wconf 90' lang='lat' dir='ltr'><strong>ut</strong></span> <span class='ocrx_word' id='word_1_357' title='bbox 1034 4133 1085 4186; x_wconf 89' lang='lat' dir='ltr'><strong>iam</strong></span> <span class='ocrx_word' id='word_1_358' title='bbox 1106 4135 1219 4187; x_wconf 83' lang='lat' dir='ltr'><strong>viatores</strong></span> <span class='ocrx_word' id='word_1_359' title='bbox 1236 4151 1369 4186; x_wconf 86' lang='lat' dir='ltr'><strong>remanse—</strong></span> 
     </span>
     <span class='ocr_line' id='line_1_40' title="bbox 260 4200 1370 4271; baseline -0.001 -17"><span class='ocrx_word' id='word_1_360' title='bbox 260 4211 341 4266; x_wconf 83' lang='lat' dir='ltr'><strong>rant,</strong></span> <span class='ocrx_word' id='word_1_361' title='bbox 368 4200 465 4254; x_wconf 84' lang='lat' dir='ltr'><strong>caeteri</strong></span> <span class='ocrx_word' id='word_1_362' title='bbox 491 4200 519 4252; x_wconf 92' lang='lat' dir='ltr'><strong>in</strong></span> <span class='ocrx_word' id='word_1_363' title='bbox 546 4202 635 4254; x_wconf 83' lang='lat' dir='ltr'><strong>urbem</strong></span> <span class='ocrx_word' id='word_1_364' title='bbox 661 4220 775 4270; x_wconf 78' lang='lat' dir='ltr'><strong>regressi</strong></span> <span class='ocrx_word' id='word_1_365' title='bbox 801 4202 925 4271; x_wconf 86' lang='lat' dir='ltr'><strong>quosdam</strong></span> <span class='ocrx_word' id='word_1_366' title='bbox 951 4219 983 4254; x_wconf 84' lang='lat' dir='ltr'><strong>ex</strong></span> <span class='ocrx_word' id='word_1_367' title='bbox 1000 4203 1196 4271; x_wconf 81' lang='lat' dir='ltr'><strong>magistratibus</strong></span> <span class='ocrx_word' id='word_1_368' title='bbox 1215 4204 1370 4258; x_wconf 88' lang='lat' dir='ltr'><strong>oeciderunt</strong></span> 
     </span>
     <span class='ocr_line' id='line_1_41' title="bbox 262 4269 1370 4343; baseline 0.004 -21"><span class='ocrx_word' id='word_1_369' title='bbox 262 4269 332 4338; x_wconf 79' lang='lat' dir='ltr'><strong>quud</strong></span> <span class='ocrx_word' id='word_1_370' title='bbox 351 4287 403 4324; x_wconf 91' lang='lat' dir='ltr'><strong>non</strong></span> <span class='ocrx_word' id='word_1_371' title='bbox 420 4271 550 4342; x_wconf 82' lang='lat' dir='ltr'><strong>principio</strong></span> <span class='ocrx_word' id='word_1_372' title='bbox 569 4271 662 4326; x_wconf 86' lang='lat' dir='ltr'><strong>bellum</strong></span> <span class='ocrx_word' id='word_1_373' title='bbox 680 4271 793 4342; x_wconf 83' lang='lat' dir='ltr'><strong>amplexi</strong></span> <span class='ocrx_word' id='word_1_374' title='bbox 811 4279 916 4340; x_wconf 85' lang='lat' dir='ltr'><strong>esseut,</strong></span> <span class='ocrx_word' id='word_1_375' title='bbox 943 4281 970 4325; x_wconf 88' lang='lat' dir='ltr'><strong>et</strong></span> <span class='ocrx_word' id='word_1_376' title='bbox 987 4272 1111 4326; x_wconf 86' lang='lat' dir='ltr'><strong>Romanis</strong></span> <span class='ocrx_word' id='word_1_377' title='bbox 1129 4289 1194 4343; x_wconf 86' lang='lat' dir='ltr'><strong>quea</strong></span> <span class='ocrx_word' id='word_1_378' title='bbox 1211 4274 1283 4327; x_wconf 88' lang='lat' dir='ltr'><strong>iutra</strong></span> <span class='ocrx_word' id='word_1_379' title='bbox 1299 4290 1370 4328; x_wconf 85' lang='lat' dir='ltr'><strong>uace-</strong></span> 
     </span>
    </p>
   </div>
   <div class='ocr_carea' id='block_1_5' title="bbox 0 0 1535 4809">
    <p class='ocr_par' dir='ltr' id='par_1_5' title="bbox 0 0 1535 4809">
     <span class='ocr_line' id='line_1_42' title="bbox 0 0 1535 4809; baseline 0 0"><span class='ocrx_word' id='word_1_380' title='bbox 0 0 1535 4809; x_wconf 95' lang='lat' dir='ltr'><strong> </strong></span> 
     </span>
    </p>
   </div>
  </div>
 </body>
</html>
