3050 4809
249 252 326 323 τοο
391 241 397 249 ’
550 240 558 249 ’
606 249 779 316 loturus
805 248 1000 315 ποσιτιον
1084 200 1087 205 ’

347 424 398 487 Ἔν
423 421 526 505 μέντοι
551 429 616 496 τοῖς
641 426 785 485 πεσοῦσιν
811 421 844 483 ἐκ
872 425 927 484 τοῦ
950 422 1106 503 Περσικοῦ
1132 411 1365 502 στρατεύματος

246 524 477 607 σκυλευομένοις
510 521 648 606 λέγονται
682 524 733 587 καὶ
767 531 905 605 γυναῖκες
939 518 1103 607 εὗρεθῆναι
1138 518 1210 585 κατ’
1245 518 1365 603 ἄνδρας

247 628 427 709 ἐσταλμέναι
444 627 494 689 καὶ
518 622 721 706 ὡπλισμέναι,
748 623 828 688 ἀλλὰ
853 627 902 689 καὶ
928 627 1020 702 ζῶσαι
1045 627 1184 688 τοιαῦται
1208 647 1362 701 κατασχε-

206 742 229 795 Β
248 738 344 814 θῆναι
359 726 418 793 riui
432 724 600 808 Ῥωμαίων.
651 729 683 792 ἐν
708 728 742 791 δὲ
765 734 803 812 τῇ
828 724 966 813 ἐπανάδῳ
989 724 1124 813 φάραγγι
1141 726 1259 813 βαθείᾳ
1275 748 1364 807 περι-

245 832 347 915 τυχὼν
359 828 376 896 ‹¹›
390 827 558 914 Σαπώρης,
576 830 614 911 ἣν
631 832 762 894 διελθεῖν
780 840 843 905 τοῖς
859 826 1030 913 ὑποζυγίοις
1047 829 1164 915 ἄπορον
1178 820 1226 910 ἦν,
1245 829 1389 909 αέχμα-5

245 934 362 1010 λώτους
384 933 535 997 ἐκέλευσεν
564 932 764 1017 ἀναιρεθῆναι
789 934 840 997 καί
865 932 990 1017 ῥιφῆναι
1015 931 1094 996 κατὰ
1117 938 1172 1010 τῆς
1189 926 1364 1015 φάραγγος,

242 1038 285 1104 ἵν’
306 1035 404 1111 οῧτως
420 1042 475 1101 τοῦ
489 1033 614 1115 βάθους
632 1036 727 1119 αὐτῆς
743 1036 960 1119 πληρωθέντος
978 1034 1028 1098 διὰ
1045 1041 1106 1099 τῶν
1124 1039 1238 1118 νεκρῶν
1252 1029 1363 1111 σωμά-

245 1167 306 1209 των
327 1140 365 1205 ui
391 1145 480 1225 σφῶν
502 1139 667 1204 διίλθωσιν
689 1134 852 1221 ὑποζύγια·
880 1140 929 1205 καὶ
948 1134 1027 1201 οὕτω
1047 1139 1179 1201 διελθεῖν
1196 1134 1363 1221 ἱστορεῖται

223 1325 225 1331 Ι
245 1245 301 1327 τὴν
319 1240 474 1330 φάραγγα.

347 1347 412 1409 Καὶ
430 1345 468 1407 τά
484 1343 540 1424 μίν
557 1342 636 1407 κατὰ
653 1342 706 1406 τὸν
728 1339 936 1425 Οὐαλεριανὸν
953 1341 984 1405 ἐν
1001 1339 1134 1417 τούτοις·
1162 1345 1218 1421 τῆς
1241 1338 1274 1403 δέ
1300 1344 1406 1407 τῶνΙθ

241 1446 399 1530 Ῥωμαίων
424 1446 584 1529 ἐκκλησίας
609 1451 773 1529 καθηγεῒτο
799 1440 938 1521 Ξάστος,
964 1450 1018 1523 τῆς
1044 1446 1077 1507 δέ
1100 1448 1161 1507 τῶν
1183 1442 1362 1522 Ἀντιοχέων

245 1550 464 1635 Δημητριανδς
488 1545 704 1630 διαδεξάμενος
722 1546 911 1627 Φλαβιανόν,
938 1552 992 1628 τῆς
1010 1546 1043 1609 δὲ
1059 1551 1120 1609 τῶν
1140 1540 1363 1629 Ἱεροσολύμων

240 1651 403 1734 Ὑμέναιος
428 1649 625 1731 Μαζαβάνου
649 1648 818 1727 θανόντος,
853 1656 907 1733 τῆς
933 1648 965 1713 δ’
991 1648 1022 1713 ἐν
1044 1647 1258 1737 Ἀλεξανδρείᾳ
1283 1672 1364 1731 προ·

247 1758 353 1823 ίστατο
372 1752 544 1830 Διονύσιος.
797 1772 801 1783 “

206 1872 230 1925 c
350 1858 402 1921 24.
453 1856 549 1920 Μετιλ
573 1855 607 1917 δέ
631 1853 683 1917 τὸν
709 1852 918 1938 Οὐαλεριανὸν
940 1854 971 1914 Γ
968 1856 1090 1934 αλιῆνος
1115 1847 1132 1914 ὃ
1156 1850 1269 1915 ἐκείνου
1295 1848 1363 1925 υίὸς
1373 1870 1404 1921 15

242 1967 300 2042 τῆς
316 1966 376 2023 τῶν
389 1955 548 2036 Ῥωμαίων
564 1952 728 2038 ἡγεμονίας
744 1956 863 2039 γέγονεν
879 1953 1040 2041 ἐγκρατής,
1074 1952 1109 2018 δν
1126 1950 1143 2017 ὃ
1160 1948 1363 2037 πατὴρκατδ

243 2066 377 2144 Περσῶν
401 2055 639 2143 στρατευόμενος
666 2061 707 2133 είς
732 2058 772 2121 τά
796 2056 920 2143 ἑσπέρια
944 2057 1025 2121 είασε
1049 2066 1112 2132 τοῖς
1136 2057 1168 2119 ἐν
1186 2061 1223 2140 τῇ
1247 2055 1363 2143 Ἰταλίη

243 2159 441 2250 ἐφεδρεύουσι
466 2164 517 2227 καί
543 2171 606 2235 τοῖς
630 2159 684 2239 τὴν
703 2158 831 2249 Θρηίκην
854 2160 1041 2243 ληϊζομένοις
1067 2159 1362 2223 ἀντικαθίστασθαι.

244 2264 279 2343 ὃς
297 2266 497 2346 Ἀλαμαννοῖς
514 2266 582 2349 περὶ
598 2260 760 2346 τριάκοντα
776 2259 930 2348 μυριάδας
947 2253 1016 2327 οὖσι
1033 2264 1099 2347 περὶ
1116 2260 1156 2325 τὰ
1174 2255 1362 2325 Μεδιόλανα

244 2367 413 2449 συμβαλὼν
437 2366 516 2447 μετά
537 2368 656 2450 μυρίων
672 2367 823 2447 ἐνίκησεν·
851 2362 913 2429 εέτα
930 2368 982 2429 καί
1000 2360 1184 2447 Αίροάλοις,
1211 2366 1362 2450 Σκυθικῷ
1369 2382 1403 2433 20

245 2472 322 2555 γένει
349 2473 401 2535 καὶ
427 2471 459 2531 Γ
455 2474 573 2557 οτθικηλ
578 2517 588 2547 ,
622 2467 794 2546 ἐπεξελθὼν
820 2466 994 2555 ἐκράτησεν.
1045 2466 1211 2549 ἐπολέμησε
1243 2466 1276 2529 δὲ
1309 2468 1360 2529 καλ

249 2570 413 2661 Φράγγοις.

318 2766 351 2818 lu
371 2759 543 2883 Otugsasriv]
565 2760 673 2895 &riguos
691 2762 834 2816 Eusebius.
939 2763 971 2815 16
989 2762 1044 2815 τῶν
1062 2778 1101 2815 om
1120 2761 1153 2815 A.
1244 2761 1278 2816 19
1295 2756 1360 2815 άλε·

314 2837 415 2901 μανοῖς
450 2871 458 2886 .
529 2832 564 2885 20
581 2848 600 2881 α
631 2826 724 2893 σάλοις
741 2832 788 2884 AO
807 2840 834 2885 et
850 2830 955 2885 codices
966 2831 1113 2900 Dnmngfi,
1131 2824 1278 2897 Αίρσάλοις
1292 2830 1360 2883 PW.

315 2904 349 2955 21
367 2897 554 2968 ἐπεκράτησεν
571 2899 628 2953 ΑΒ.

349 3039 479 3091 Fonuss.
518 3036 585 3103 Cup.
604 3035 649 3088 ut.
685 3035 740 3088 Diu
759 3037 952 3105 continuatur,
978 3047 1010 3091 ut
1028 3038 1150 3091 videtur.-
1176 3036 1249 3093 Erre.
1273 3036 1358 3091 Vatia.

313 3107 367 3161 118
383 3124 411 3176 ρ.
429 3104 497 3171 235,
522 3113 549 3158 et
566 3104 617 3156 122
633 3121 660 3173 ρ.
678 3104 731 3159 239
748 3114 816 3161 extr.

348 3274 423 3327 Inter
446 3274 608 3343 spoliandum
630 3274 761 3327 cadavera
778 3274 915 3327 Persarum
933 3274 1056 3327 dicuntur
1075 3276 1155 3327 etiem
1173 3275 1296 3329 mulieres
1313 3274 1361 3328 Ιιι-

247 3344 307 3397 bitu
325 3342 449 3395 sturmis
468 3344 584 3395 virorum
602 3353 711 3395 ornatae
728 3352 866 3410 repertae,
888 3352 915 3395 et
933 3345 998 3395 tales
1016 3344 1117 3411 aliquot
1134 3344 1213 3396 vinee
1229 3360 1245 3395 a
1264 3345 1362 3397 Rama·

245 3413 288 3465 nis
306 3420 399 3480 captae
417 3428 485 3464 esse.
521 3413 637 3481 Sapores
654 3429 718 3463 vero
734 3428 792 3463 cum
811 3412 837 3463 in
856 3412 944 3464 reditu
961 3412 987 3464 in
1010 3414 1165 3481 profundam
1183 3413 1279 3467 vallem
1298 3412 1361 3464 inci-

246 3480 338 3545 disset,
357 3496 405 3546 per
425 3498 501 3563 quam
519 3482 641 3535 iumentis
658 3481 785 3533 transitus
803 3498 852 3533 non
871 3482 994 3549 petebat,
1012 3480 1135 3549 captivos
1152 3482 1269 3534 interfici
1288 3490 1316 3534 et
1332 3482 1362 3533 in

245 3548 342 3601 vallem
364 3548 445 3601 sbiicr
468 3550 594 3617 iussisse,
625 3550 716 3618 itaque
737 3549 899 3619 complanata
924 3550 992 3601 valle
1018 3566 1065 3620 per
1089 3549 1221 3602 cadavere
1245 3550 1361 3603 iumenta

245 3615 397 3671 traduxisse
414 3618 507 3670 fertur.
786 3632 792 3641 ·

272 3702 277 3713 ·
350 3686 389 3736 λα
409 3704 466 3738 cnm
485 3686 626 3738 Valeriano
644 3686 684 3739 sic
701 3695 786 3738 setam
803 3694 860 3737 ests
886 3686 1027 3739 Romanam
1050 3694 1137 3739 sutem
1155 3686 1294 3740 ecelesiam
1312 3704 1361 3756 gu-

247 3753 369 3807 bernavit
385 3752 503 3821 Xystus,
529 3756 717 3808 Antiochenam
736 3755 918 3807 Demetrianus
935 3756 1057 3808 Flaviani
1081 3772 1237 3823 successor,
1264 3757 1362 3810 Hiero-

248 3821 430 3892 solymitansm
446 3823 594 3875 Mszsbano
614 3834 715 3876 mortuo
733 3824 911 3889 Hymenaeus,
927 3825 1130 3877 Alexandrinam
1148 3825 1305 3893 Dionysius.

352 3891 396 3945 24.
433 3891 498 3943 Post
513 3891 681 3946 Valerianum
698 3892 832 3945 Gallienus
859 3894 928 3944 illius
952 3894 1022 3946 filius
1040 3894 1145 3963 imperii
1161 3894 1273 3948 Romani
1292 3894 1361 3965 pati-

249 3968 294 4013 tus
311 3966 368 4025 est,
394 3977 411 4013 τ
428 3968 503 4027 patre
520 3970 613 4013 contre
629 3962 724 4013 Persss
741 3964 855 4013 abeunte
871 3962 898 4013 in
917 3963 1053 4015 occidente
1069 3963 1194 4029 relictus,
1213 3974 1242 4017 ut
1261 3964 1296 4017 iis
1315 3964 1360 4032 qui

248 4027 346 4082 Italiae
363 4028 429 4081 mele
445 4028 595 4095 cogitarent
610 4036 637 4080 et
654 4030 795 4081 Thraciam
814 4038 950 4085 vastarent
974 4034 1118 4085 resisteret.
1153 4032 1201 4103 qni
1224 4052 1282 4087 cnm
1307 4050 1359 4086 nan

250 4098 360 4166 amplius
380 4099 467 4151 decem
484 4096 553 4149 milis
570 4096 695 4163 liaberet,
718 4106 838 4151 trecenta
856 4100 928 4153 milia
944 4102 1145 4155 Alemannnrum
1164 4104 1238 4157 iuxta
1256 4094 1360 4156 Media-

250 4166 336 4218 lanum
362 4166 441 4219 vicit:
466 4165 560 4219 deinde
583 4166 696 4219 Herulos
721 4167 819 4233 etiam,
845 4179 950 4237 gentem
972 4171 1122 4240 Scythicam
1147 4182 1176 4225 et
1198 4174 1359 4233 Gnathia

250 4232 414 4302 profligavit.
446 4236 531 4305 gessit
547 4244 574 4289 et
590 4252 649 4290 aum
666 4236 779 4293 tarmen
796 4236 898 4293 bellum.
