3050 4809
289 264 366 378 4ου
643 305 817 374 ιοιυοιε
842 306 1040 373 zoninus

284 484 338 546 ‘ivo
363 478 408 563 μὴ
430 478 458 544 oi
483 479 608 564 δοτῆρες
631 478 834 566 νοσφίζιονταί
855 503 884 542 τι
910 478 1020 556 αύτιῦν,
1046 475 1132 551 sindo
1154 477 1241 540 τούτο
1263 473 1305 539 ini
1322 479 1371 540 τού

287 578 469 668 Αὐγούστου
487 578 649 666 γινόμενον.
685 583 736 646 καὶ
753 580 822 646 odire
840 580 994 646 ἀπίκτεινί
1007 607 1074 646 τινα
1092 578 1142 644 διδ
1155 575 1294 666 χρήματα
1308 576 1366 643 οὔτ’

288 687 393 753 ούσίαν
416 681 482 750 τότε
506 683 668 773 ἐδήμευσεν
685 681 823 763 ούδενύς,
850 685 921 749 οὐδ’
949 681 1010 762 ἴξιν
1036 711 1065 748 τι
1090 678 1369 764 τῶννενομιομίνυιν

248 785 538 876 Βήργυρολύγησεν.
590 789 726 876 Αίμιλίῳ
751 792 825 874 γούν
843 783 989 873 χρήματα
1014 787 1106 852 πλείω
1129 786 1214 872 παρὰ
1235 784 1267 850 od
1283 788 1371 848 διατι·

286 891 433 977 ταγμίνον
450 891 611 982 adunam
622 889 841 956 detendendae
859 893 905 956 δτι
923 888 1105 977 “κείρεσθαι’
1117 915 1178 970 μου
1195 889 1232 953 τὰ
1248 886 1391 974 πρόβαταξι

287 995 358 1060 ἀλλ’
380 994 435 1060 ούκ
453 994 667 1079 ἀποξαρᾶσδαι
684 990 872 1077 βούλομαι.”
925 995 975 1058 καὶ
993 990 1178 1079 εὐπρόσοδος
1193 993 1242 1056 καί
1259 992 1372 1075 εὐπροσ-

287 1096 397 1184 ήγορος
413 1089 461 1181 ἦν,
487 1095 558 1174 τούς
581 1123 613 1162 τε
639 1096 789 1184 ἄρχοντας
813 1094 856 1174 ὡς
878 1098 909 1161 dv
933 1098 1123 1187 δημοκρατίᾳ
1146 1096 1232 1176 ἐτίμα
1253 1097 1372 1167 καὶτοῖς

284 1197 412 1276 δπύτοις
436 1197 636 1278 δπανίστατο,
675 1203 725 1264 καὶ
754 1211 817 1277 τοῖς
842 1195 972 1285 ἑταίροις
1000 1197 1043 1276 ὡς
1068 1200 1100 1263 iv
1127 1200 1258 1289 ἰδιωτείᾳ
1283 1203 1372 1278 συνῆν,

285 1299 449 1380 νοσούντύς
472 1329 503 1368 τε
530 1303 739 1382 iaroslawo,
765 1305 916 1388 μηδεμίαν
940 1301 1081 1391 φρουρὰν
1106 1300 1301 1386 ίτιαγύμενος·
1330 1299 1372 1362 καὶ

285 1407 336 1472 int
351 1433 407 1472 τινι
425 1405 525 1470 αὐτῶν
542 1403 750 1491 τελευτήσαντι
769 1407 861 1483 αὐτὸς
877 1407 989 1490 ἀνέγνω
1004 1405 1058 1471 τὸν
1075 1394 1244 1492 ίπιτύτγιον.
1268 1405 1313 1469 καί
1326 1403 1403 1484 ritib
1488 1438 1489 1491 γ

283 1511 401 1598 μητίρα
417 1509 473 1594 τὴν
488 1512 609 1592 Λιβίαν
625 1507 737 1592 δμοίως
759 1511 990 1598 προσφίρεοδαι
1012 1515 1104 1573 πᾶσιν
1128 1509 1267 1574 dedisses.
1312 1501 1373 1588 ἡδὲ
1488 1506 1489 1529 ³

132 1629 269 1687 w11173
284 1612 363 1679 πάνυ
387 1611 526 1698 α’ίγιιτοτο,
554 1615 605 1678 καὶ
623 1615 654 1678 oi
672 1620 727 1678 τού
745 1602 888 1698 Τιβερίου
907 1614 1058 1678 ἐπιστολαί
1074 1609 1188 1697 χρόνον
1204 1609 1269 1676 τινὰ
1285 1611 1331 1672 καί
1344 1608 1373 1673 ud

246 1717 398 1801 οίκείνης
418 1715 514 1799 ὄνομα
539 1714 628 1799 εἶχον,
653 1707 691 1781 τά
716 1742 747 1781 τε
775 1715 854 1780 ἄλλο
878 1710 976 1781 πάντα
995 1711 1037 1792 ὡς
1054 1715 1251 1800 αύτορχοῦσα
1268 1716 1373 1777 διοιιεῖν

282 1823 433 1906 ἐπεχείρει,
450 1822 500 1885 καὶ
518 1819 571 1884 ούκ
591 1821 622 1896 ἐξ
638 1817 706 1884 ίσου
724 1817 826 1905 ἄρχειν
843 1818 922 1883 ἀλλὰ
939 1822 991 1882 καὶ
1006 1816 1184 1903 πρεσβεύειν
1201 1818 1293 1883 odensi
1307 1814 1373 1898 ἥδε·

283 1929 343 2002 λεν,
369 1921 446 2006 αὐτὴ
470 1929 593 2005 ποιῆσαι
618 1909 755 2004 αύχοῖσα
781 1921 875 1987 αύτδν
899 1917 1120 2008 αύτοκρδτυρα.
1173 1917 1190 1986 δ
1215 1923 1249 1986 δὲ
1271 1919 1404 2003 ἢχθετυὶδ

282 2033 403 2112 πρῶτον
420 2025 513 2113 αὐτῇ·
541 2021 603 2090 airu
620 2031 681 2090 τῶν
697 2025 753 2108 μὲν
771 2026 925 2110 δημοσίων
942 2024 1038 2109 αὐτὴν
1055 2023 1185 2103 ἔπαυσε,
1203 2023 1240 2090 τδι
1259 2023 1290 2088 δ’
1309 2022 1373 2086 υύιοι

282 2133 404 2196 διοικεῖν
422 2128 553 2216 ἀφῆκεν·
581 2124 623 2205 ὡς
648 2129 681 2192 δὲ
703 2127 760 2194 κύν
785 2127 905 2205 τούτοις,
925 2118 963 2210 ἦν
986 2124 1144 2212 ἔπαχδής,
1173 2123 1316 2210 ἀπεδήμει
1331 2120 1373 2188 ani

283 2233 377 2317 αύτῆς
392 2235 537 2311 ἐξίστατο.
570 2231 808 2319 σωρρονίστατύ
824 2220 855 2297 τε
868 2227 980 2318 χρόνον
996 2232 1063 2296 τινὰ
1080 2234 1184 2315 διῆγε,
1210 2235 1261 2302 καὶ
1275 2229 1374 2301 ἄλλους

283 2337 316 2402 δ’
343 2333 480 2416 ίκύίαζεν
506 2335 751 2420 ἀσελγαίνοντας,
779 2337 828 2400 καί
852 2343 897 2424 τῷ
913 2323 1047 2424 Δρούσῳ
1072 2335 1106 2399 dd
1130 2325 1178 2423 τῷ
1197 2335 1271 2422 υἱῷ,
1295 2331 1373 2405 iri}

277 2439 471 2528 Ἀγριππίνης
497 2445 552 2522 τῆς
582 2439 731 2525 προτίρας
754 2439 848 2504 αύτυῦ
870 2438 1011 2525 γυναικὸς
1034 2427 1158 2520 ἔσχηκε,
1192 2441 1243 2502 καὶ
1269 2435 1403 2517 ιῖσελγεῖν)

242 2555 267 2610 D
283 2540 459 2629 τυγχάνοντι
476 2542 527 2606 καί
544 2539 636 2630 ὠμῷ,
661 2541 786 2625 ἐπετίμα
802 2544 851 2641 καί
872 2538 997 2626 ἤχθετο.
1048 2543 1102 2605 καί
1115 2535 1195 2607 ποτε
1208 2541 1291 2629 αύτῷ
1305 2534 1372 2604 εἶπεν

349 2787 368 2843 9
395 2781 547 2848 νοσούντύς
573 2785 620 2840 ΑΟ
648 2788 718 2856 Dio,
747 2785 909 2848 Νοσούντος
937 2785 1005 2839 Pw.
1145 2785 1182 2842 18
1208 2779 1296 2856 αὐτὴν
1320 2783 1370 2837 Dio.

330 2924 333 2934 ἱ
349 2857 385 2910 20
400 2850 569 2924 ἅγριππίνας
584 2855 614 2914 Α.

280 3082 469 3152 locupletabat:
495 3096 594 3150 eaeque
616 3077 771 3149 largitiones
792 3079 880 3132 statim
902 3078 961 3149 ipso
978 3078 1088 3131 vidente
1105 3080 1323 3141 numerabantur,
1343 3088 1370 3125 ue

202 3215 205 3222 ¹
279 3151 342 3220 quid
360 3152 437 3219 inde,
455 3161 486 3204 ut
501 3154 550 3204 sub
566 3151 686 3218 Augusto
702 3151 799 3202 iactum
816 3148 981 3214 meminerat,
1000 3167 1048 3218 per
1066 3147 1262 3217 dispensatores
1278 3147 1371 3200 sutus·

280 3221 396 3274 heretur.
427 3219 553 3288 pecuniae
571 3235 650 3272 censa
665 3219 789 3271 neminem
806 3219 951 3283 occidebat,
969 3234 1054 3286 neque
1070 3219 1141 3269 bona
1160 3227 1214 3270 tum
1232 3216 1372 3283 cuiusquam

278 3288 449 3358 publicabat,
477 3307 561 3358 oeque
579 3291 647 3341 ultra
664 3289 834 3341 constitutum
851 3287 989 3370 quiequam
1006 3285 1137 3354 exigebat.
1175 3286 1283 3340 Aemilio
1299 3291 1371 3343 oerte,

280 3355 326 3426 qui
337 3357 402 3424 ‘pius
418 3358 545 3427 pecuniae
560 3375 636 3426 quum
654 3358 801 3410 ordinatum
818 3366 876 3410 erat
892 3365 1013 3420 miserat,
1038 3355 1119 3409 resori
1139 3355 1174 3408 sit
1190 3374 1221 3409 se
1239 3371 1302 3409 oves
1317 3365 1372 3404 suos

279 3425 385 3478 tonderi
402 3426 479 3488 veile,
497 3445 548 3479 non
567 3427 679 3494 deglubi.
710 3436 770 3479 erat
789 3433 816 3479 et
833 3427 905 3479 aditu
923 3425 1006 3479 facilis
1023 3433 1051 3479 et
1067 3373 1199 3478 anninus
1214 3425 1373 3492 magistratus

280 3503 404 3562 tanquam
421 3496 449 3546 in
465 3495 548 3548 libero
566 3497 674 3548 civitate
692 3496 802 3562 colebat,
820 3495 967 3548 oonsulibus
981 3495 1149 3564 assurgeban
1167 3495 1306 3547 amicorum
1315 3504 1372 3542 oon·

280 3563 420 3616 suetudine
444 3581 528 3633 oeque
555 3574 585 3617 nt
609 3567 728 3633 privatus
752 3567 854 3618 iecerat
878 3566 1018 3617 utebotur:
1043 3565 1215 3632 aegrotantes
1240 3561 1372 3620 invisebrt,

279 3632 351 3684 nulio
370 3632 509 3686 satellitum
526 3633 667 3698 comitatu3
691 3645 718 3686 et
742 3635 854 3702 quodem
878 3650 910 3686 ex
932 3634 972 3685 eis
989 3632 1114 3685 defuneto
1130 3634 1266 3686 funebrem
1282 3627 1373 3683 oratio-

279 3715 337 3753 nem
356 3700 413 3770 ipse
429 3702 561 3756 recitauit.
595 3713 701 3755 matrem
719 3702 821 3755 Liviam
840 3718 904 3770 erga
921 3719 1008 3754 omnes
1031 3701 1122 3754 eodem
1144 3720 1173 3755 se
1194 3718 1289 3771 gerere
1305 3695 1371 3752 uodo

278 3768 367 3822 iussit.
401 3769 447 3822 iliu
464 3789 528 3823 vere
546 3787 664 3839 magnum
683 3773 775 3824 iustum
797 3789 862 3841 prae
885 3788 914 3824 se
937 3773 1025 3823 serens
1042 3771 1070 3822 iu
1087 3771 1193 3823 Tiberii
1210 3769 1327 3842 epistolis
1342 3762 1371 3814 td

277 3847 381 3909 tempus
397 3838 606 3907 adscribebetur,
623 3849 703 3908 atque
722 3841 788 3893 adeo
805 3857 854 3909 pro
870 3839 979 3924 imperio
996 3857 1026 3892 oe
1041 3841 1153 3909 gerebat
1168 3848 1199 3893 ut
1216 3857 1270 3892 nou
1285 3855 1316 3890 ex
1331 3849 1371 3885 ιθ·

278 3924 330 3978 quo
349 3923 406 3960 cum
423 3907 468 3960 illo
485 3909 613 3979 imperare
630 3909 676 3961 sed
694 3909 799 3961 meliore
815 3909 969 3963 ooudietone
986 3927 1045 3962 esse
1060 3909 1147 3974 veliet,
1164 3909 1275 3962 seillum
1286 3904 1370 3959 iecisse

277 3977 459 4047 imperatorem
477 3978 600 4046 glorians.
635 3978 704 4047 quod
723 3978 850 4030 Tiberius
866 3978 996 4048 principio
1014 3993 1094 4047 aegre
1111 3979 1186 4043 tulit,
1210 3977 1303 4030 deinde
1318 3985 1368 4051 equ

278 4063 296 4099 a
313 4046 351 4100 rei
369 4047 488 4116 pnbiioee
505 4044 773 4099 administrationibus
790 4057 914 4102 remotam
927 4047 1068 4100 domestica
1079 4047 1186 4115 negotio
1196 4063 1290 4100 curare
1300 4041 1369 4094 sint:

278 4122 310 4169 ut
327 4133 390 4170 vero
409 4116 436 4168 in
453 4115 486 4168 iis
503 4115 583 4168 etiam
601 4115 708 4168 molesta
726 4123 795 4182 erat,
821 4132 932 4185 peregre
949 4117 1032 4181 abiit,
1050 4126 1081 4170 ut
1096 4118 1130 4169 ab
1147 4135 1179 4170 ea
1196 4117 1308 4169 abesset.
1339 4106 1369 4159 td

277 4192 380 4255 tempus
405 4185 594 4238 modestissime
619 4184 700 4251 uixit,
731 4193 758 4237 et
787 4186 894 4238 oliorum
924 4185 1109 4239 immodestiam
1131 4185 1224 4255 poenis
1248 4177 1370 4236 soirooitt

277 4251 389 4306 Drusum
409 4271 513 4324 quoque
531 4254 610 4308 filium
629 4271 661 4307 ex
679 4253 766 4325 priore
783 4272 865 4308 uxore
882 4253 1030 4324 Agrippina
1046 4267 1194 4325 susceptum
1210 4255 1245 4305 ob
1267 4245 1371 4304 erudeli·

276 4323 358 4375 tatem
376 4333 404 4376 at
420 4325 553 4380 lascivium
571 4324 721 4394 obiurgavit
738 4333 767 4378 et
785 4325 845 4379 odio
861 4323 961 4378 babuit.
997 4324 1041 4377 eoi
1066 4323 1205 4393 aliquando
1229 4319 1296 4374 dixit
1316 4311 1371 4392 “mo
