3050 4809
545 344 549 349 ’
648 334 806 401 NOTAE.
1205 326 1277 401 645

251 523 282 582 p·
304 500 367 563 697
384 516 413 561 v.
438 494 488 561 14.
524 498 722 576 ‘Hoerosipod
747 500 789 558 ita
816 494 933 557 Zosimo
961 496 1138 575 appellatur,
1165 494 1276 555 Victori

168 594 200 647 et
219 586 359 662 Eutropio
382 585 557 652 Postumus,
578 581 725 641 Trebellio
746 588 777 641 et
794 584 824 639 in
843 583 964 639 nummis
980 583 1161 639 Postumius.
1196 568 1275 639 Duo:

168 672 437 731 immoPosrvmvs
458 673 489 727 et
509 668 538 725 in
558 668 681 725 nummis
702 672 732 725 et
752 666 829 744 apud
849 665 1023 724 Trebellium
1051 669 1082 724 in
1108 664 1188 723 libris
1216 685 1276 723 me-

168 754 295 815 lioribus.
332 752 494 811 Casauboui
516 770 641 809 errorem
662 752 788 826 editores
810 750 918 809 Zosimi
936 746 1177 828 propagaverunt.

251 860 281 918 p.
304 838 366 901 698
388 851 413 894 r.
436 837 486 897 19.
525 831 608 915 mopsi
631 833 808 916 Μακρίνου]
830 854 923 912 quem,
945 840 977 893 ut
994 840 1023 891 et
1035 832 1134 910 filium,
1157 834 1276 891 Macri·

167 940 262 981 anum
282 921 409 1003 appellat
429 919 590 979 Trebellius
604 919 708 979 Pollio.
754 919 831 978 Duo.
876 924 954 977 certe
975 920 1006 977 in
1028 918 1124 977 editis:
1154 936 1218 977 nam
1245 920 1275 977 ln

167 1026 228 1065 mss
256 1013 302 1064 est
329 1007 508 1069 Macrinus:
537 1006 607 1063 item
625 1006 655 1062 in
672 1004 774 1062 Dionis
796 1003 951 1062 continuati
973 1004 1124 1082 excerptis,
1146 1002 1276 1080 Scripto-

167 1108 230 1150 rum
251 1096 378 1148 veterum
398 1106 489 1147 novae
510 1088 610 1147 ooll.ll
632 1109 664 1167 p.
686 1087 747 1151 236
764 1085 945 1169 “Μακρῑνος
960 1083 1057 1165 κόμης
1077 1090 1139 1148 τοῖν
1156 1092 1277 1165 θησαυ-

167 1178 233 1253 poiv
253 1173 306 1237 sui
326 1169 458 1247 torneie
483 1176 522 1257 τῇ
545 1167 644 1257 6γορᾷ
662 1176 721 1235 sori
743 1173 827 1235 σίτου
848 1167 953 1251 ἐπειδή
974 1170 1025 1233 noi
1047 1165 1097 1233 riv
1118 1168 1172 1232 ivo
1193 1166 1276 1234 rudia

166 1251 359 1341 harfpuro’
380 1264 435 1317 etc.
465 1263 543 1333 etp.
565 1256 638 1320 239.

251 1366 280 1423 p.
298 1343 361 1405 699
382 1362 409 1404 v.
432 1341 482 1404 16.
522 1338 687 1420 datladov]
708 1340 738 1397 id
762 1342 838 1399 enim
857 1340 971 1416 signum
991 1343 1053 1399 erat
1065 1338 1232 1397 deiectionis
1247 1344 1277 1397 et

165 1426 332 1487 deditionis.
357 1426 489 1485 ‘Pacatus
511 1424 541 1482 in
560 1426 701 1501 Panegyr.
723 1426 968 1484 adTheodosium
978 1422 1153 1503 “aliquanto
1167 1420 1276 1479 melissa

167 1530 276 1571 manua
305 1510 362 1569 illa
389 1509 553 1581 concaluit,
581 1530 659 1587 quae
674 1508 830 1566 submissis
843 1507 1043 1586 precabunda
1060 1506 1177 1565 vexillis
1189 1508 1278 1583 pestis

165 1599 287 1655 vemens
310 1586 509 1653 masmim
541 1600 595 1653 etc.
625 1595 690 1652 vide
714 1592 863 1653 Lucanum
892 1594 942 1653 lib.
965 1596 996 1670 6,
1025 1592 1159 1653 Orosium
1182 1591 1277 1656 liba

166 1698 230 1759 cap.
251 1684 306 1757 36,
328 1676 577 1738 Ammianum'lib.
601 1680 641 1743 26
663 1683 719 1736 etc.
758 1676 835 1736 Duc.

250 1785 281 1842 p.
303 1759 366 1825 604
387 1784 417 1822 v.
435 1766 465 1826 2.
498 1755 660 1833 ,Κλαύδιος
680 1758 726 1837 di]
752 1762 825 1819 haee
852 1764 889 1821 de
916 1760 1027 1818 Claudii
1053 1760 1160 1819 iustitia
1181 1759 1276 1817 verbis

166 1846 248 1907 Petri
266 1846 356 1906 Fabri
376 1846 545 1909 Sanioriani
557 1846 607 1904 lib.
631 1848 652 1926 1,
672 1846 809 1905 Semestr.
832 1865 894 1923 cap.
915 1843 955 1909 25
978 1844 1153 1904 reddidimus
1175 1843 1277 1922 [Clau-
1317 1902 1326 1919 ,

166 1932 231 1989 dius
250 1950 320 1989 vero
341 1949 405 1989 cum
426 1930 469 1987 vir
491 1929 582 1989 bonus
602 1931 782 2005 iustitiaeque
803 1936 930 1989 sectator
951 1935 1046 2003 esset,
1074 1930 1218 1989 interdixit
1239 1946 1277 1987 ne

166 2014 242 2073 nitra
267 2014 415 2093 quisquam
442 2014 518 2071 bona
542 2015 634 2074 abana
663 2013 700 2098 ab
725 2015 898 2092 imperatore
927 2018 1051 2090 peteret.
1078 2020 1225 2091 receptum
1245 2010 1278 2069 id
1358 2020 1362 2039 ¹

165 2100 243 2158 enim
252 2099 379 2159 moribus
401 2105 474 2172 erat,
495 2098 685 2176 imperatores
700 2096 1025 2167 etiamalienadonarc3
1047 2098 1276 2174 quandoquidem

74 2220 83 2233 .
164 2184 241 2242 idem
259 2184 302 2242 ius
319 2184 362 2241 rei
378 2183 509 2261 publicae
530 2185 618 2241 stanti
635 2200 688 2259 per
706 2182 787 2254 leges
808 2180 932 2254 suerat]‚
960 2200 1024 2238 cum
1041 2182 1142 2241 herum
1161 2198 1276 2239 sensum

163 2270 209 2327 vix
231 2269 339 2345 ceperit
358 2270 521 2343 interpres,
537 2272 568 2324 et
588 2282 663 2342 quse
681 2263 829 2322 salebrosa
850 2262 967 2340 agnovit
984 2262 1125 2321 Henricus
1145 2263 1274 2321 Valesius

163 2354 202 2411 ad
222 2351 325 2410 Dionis
343 2352 488 2426 Excerpta
508 2369 540 2427 p.
562 2349 634 2411 208.
654 2366 688 2404 ea
714 2352 784 2405 vero
812 2346 848 2405 de
876 2347 983 2424 optimo
1005 2348 1135 2421 quodam
1153 2354 1272 2409 auctore

165 2439 280 2513 sumpta
304 2435 446 2493 existimat
477 2432 553 2490 idem
582 2432 695 2507 Faber,
727 2437 757 2490 et
790 2448 890 2489 vocem
917 2422 1054 2507 ἀλλότρια
1085 2433 1143 2491 site
1172 2430 1276 2489 aliena

164 2520 220 2578 boc
247 2518 312 2576 loco
340 2516 462 2593 intelligi
489 2536 547 2573 non
575 2515 682 2575 debere
712 2514 805 2573 omnia
825 2534 900 2592 quae
920 2514 1049 2591 privatus
1071 2517 1193 2613 quisque
1213 2518 1274 2575 iure

165 2603 281 2662 dominii
300 2601 435 2679 pertinet.
458 2618 524 2658 nam
547 2602 623 2676 quis,
644 2601 746 2677 inquit,
771 2600 860 2657 fando
882 2616 1004 2674 unquam
1024 2600 1150 2675 audivit,
1178 2618 1212 2658 ea
1230 2600 1275 2659 vel

164 2688 226 2766 peti
246 2686 332 2744 solitu
351 2704 416 2744 esse
437 2683 483 2741 vel
504 2684 541 2742 ab
565 2686 740 2760 imperatore
757 2684 823 2741 olim
841 2684 941 2741 donari
957 2681 1107 2758 potuisse?
1127 2684 1181 2742 nisi
1200 2684 1276 2743 forte

165 2772 245 2848 quod
272 2771 361 2831 multo
387 2776 454 2827 aute
483 2770 513 2826 in
534 2768 603 2827 Asia
630 2768 780 2826 factitasse
799 2767 953 2827 Antonium
975 2768 1074 2825 scribit
1094 2766 1276 2845 Plutarcho,

164 2856 195 2913 id
219 2853 440 2932 imperatoribus
465 2872 520 2911 usu
545 2849 673 2911 ¹venerit.
701 2852 779 2930 quod
809 2852 924 2927 quidem
950 2848 1046 2907 Fabro
1081 2870 1140 2909 nou
1167 2853 1274 2929 placet,

165 2939 214 3014 qni
231 2941 376 3016 pertinere
397 2938 519 2997 edictum
538 2938 616 2997 istud
635 2942 720 3013 putat
740 2935 909 2995 ad'titulum
928 2936 965 2993 de
976 2933 1165 2995 Petitionibus
1182 2936 1275 2997 bono·

164 3040 227 3081 nrm
247 3024 385 3083 sublatis:
411 3022 452 3080 its
476 3029 509 3080 ut
529 3022 622 3081 aliena
641 3022 760 3097 intelligi
787 3019 910 3079 debeant
931 3036 966 3075 ea
985 3018 1094 3078 scilicet
1114 3039 1187 3097 quae
1209 3040 1274 3081 reo-

164 3123 228 3163 mm
261 3108 375 3183 quidem
405 3109 459 3166 sed
488 3108 715 3165 indemnatorum
740 3105 834 3163 adbrrc
863 3109 893 3163 et
918 3102 1073 3161 viventium
1099 3104 1175 3161 bona
1196 3112 1275 3181 sunt,

163 3190 289 3266 itemque
316 3192 424 3248 caduca
448 3210 500 3249 seu
531 3192 672 3249 vacantia:
700 3192 787 3249 immo
814 3208 883 3247 vero
907 3187 993 3245 etiam
1019 3187 1217 3249 damnatorum
1246 3198 1276 3251 et

163 3275 391 3352 proscriptorum
413 3274 499 3349 bona,
521 3293 594 3351 quae
612 3280 708 3333 tamen
722 3276 794 3332 fisco
808 3273 948 3346 nuntiata,
969 3271 1095 3329 nondum
1110 3272 1207 3331 addita
1222 3293 1274 3333 seu

117 3369 125 3382 ’
161 3360 448 3498 ἱιιοοῐροηᾱιυῃωηῖ,
477 3376 540 3417 cum
566 3359 636 3417 baec
664 3377 777 3435 quoque
794 3358 887 3415 aliena
908 3354 1118 3434 quodammodo
1144 3374 1209 3420 esse
1232 3360 1275 3417 vi-

163 3441 294 3499 deantur.
382 3460 409 3498 c.

247 3545 278 3602 p.
301 3523 366 3587 605
383 3523 486 3583 v.17.
529 3517 747 3603 Kvmumvo'v]
778 3543 862 3600 quem
891 3522 1074 3599 Quintillum
1095 3524 1275 3583 vocat'Tre-
1375 3555 1382 3569 ·

163 3608 264 3666 bellios
282 3599 397 3683 Pollio,
421 3612 453 3664 ut
480 3610 511 3663 et
531 3604 672 3682 Vopiscus
699 3608 727 3663 in
747 3605 912 3666 Aurelianos
944 3602 1112 3669 Κόπιλλον
1141 3608 1273 3667 Zosimus

164 3691 246 3753 lib.1
270 3688 309 3768 [c.
328 3689 382 3766 47,
399 3710 430 3767 p.
451 3687 492 3753 42
515 3688 561 3747 ed.
580 3688 696 3765 Bonu.].
736 3687 813 3747 Duc.

248 3793 278 3852 p.
299 3774 362 3837 606
380 3791 408 3832 v.
427 3776 457 3837 1.
498 3770 699 3835 &mosoliam
719 3768 817 3850 μόνας
837 3766 964 3851 ἦμέρας]
995 3772 1035 3829 ita
1057 3776 1141 3833 etiam
1161 3775 1269 3837 Pollio:

163 3858 263 3917 Victor
281 3857 382 3963 paucis
395 3856 499 3931 ‚dicbus
519 3858 668 3936 imperium
687 3858 816 3918 tenuisse
829 3856 994 3925 Quintillum
1010 3856 1058 3919 ait.
1091 3856 1167 3919 Duo.
1207 3860 1270 3929 Zo-

163 3942 252 4001 simus
273 3943 395 4022 otiyove
413 3944 525 4021 μῆνας,
547 3962 632 4020 quem
650 3962 684 4000 ex
702 3942 817 4000 Zonara
839 3940 963 3999 correxit
985 3941 1187 4001 Casaubonus:
1216 3943 1269 4003 sed

159 4046 340 4087 nummorum
360 4028 484 4085 varietas
500 4030 591 4087 misr
610 4032 655 4084 est
676 4044 762 4103 quam
780 4043 834 4103 pro
850 4026 948 4102 paucis
969 4024 1080 4083 diebus.

246 4131 278 4191 Ρ.
302 4113 411 4182 607,ν.
430 4114 461 4174 6.
506 4107 547 4189 ἢν
575 4108 651 4172 ἔνιοι
682 4106 739 4187 μὲν
768 4109 812 4184 εἰς
836 4104 961 4188 Ῥώμην]
992 4109 1083 4167 locum
1112 4107 1185 4166 bunc
1207 4108 1268 4169 Zo-

159 4196 406 4275 mm'expenott
426 4195 558 4272 Scaliger
576 4195 615 4253 ad
636 4194 792 4253 Eusebium
807 4213 837 4272 p.
854 4196 928 4268 239,
960 4196 978 4257 2
1001 4192 1070 4251 edit.
1111 4191 1189 4253 Duc.

244 4300 275 4357 p.
293 4282 359 4343 607
378 4282 480 4342 v.18.
518 4278 571 4341 ml
593 4281 655 4340 sois
682 4276 798 4353 ἔξωθεν
826 4273 1016 4357 prpoptuuv]
1043 4275 1146 4353 quibus
1175 4277 1271 4337 serbis

213 4374 341 4431 zonam
351 4376 472 4429 mlo
489 4374 526 4431 11.
1022 4380 1064 4445 42
