3050 4809
266 256 313 327 12
622 258 797 329 IOANNIS
821 260 1021 329 ΖΟΝΑΒΔΕ

367 430 586 516 Τολμηθείσης
601 432 636 499 tl
652 440 707 518 τῆς
725 431 867 521 άρπαγῆς
883 434 914 500 οἳ
931 438 1069 518 Σαβῖνοι,
1093 438 1201 501 πολλοὶ
1217 437 1268 501 καὶ
1284 440 1376 502 πολε-

260 534 346 618 μικοὶ
362 532 446 612 ὄντες
461 537 512 600 καί
529 532 637 619 κώμας
652 536 841 621 ἀτειχίστους
856 540 1009 616 οἰκοῦντες
1026 538 1078 605 διά
1102 538 1138 605 τὸ
1155 539 1235 625 μίγα
1252 548 1375 627 φρονεῖν

260 636 304 715 ώς
312 638 570 723 Λακεδαιμονίων
587 638 719 722 άποικοι,
736 643 899 729 πρεσβείαν
910 641 988 731 πρὸς
998 643 1053 707 τὸν
1060 640 1217 726 Ῥωμύλον
1229 645 1373 727 πεποίην-

259 768 322 821 ται,
338 748 431 809 λῦσαι
447 742 482 809 τό
499 749 554 833 τῆς
568 746 641 826 βίας
657 744 746 833 ἔργον
755 747 923 829 ζητοῦντες,
939 752 1049 813 πειθοῖ
1060 748 1095 813 δὲ
1110 750 1163 813 καὶ
1177 742 1264 836 νόμῳ
1271 743 1373 834 πράτ-

258 872 320 913 τειν
336 856 401 923 τοῖς
416 846 512 931 γίνεαι
530 850 635 935 φιλίαν
652 852 703 915 καί
719 847 900 933 οἷκειότητα.
951 858 1006 917 τοῦ
1023 851 1058 917 δὲ
1069 848 1227 935 Ῥωμύλου
1244 850 1302 929 τὰς
1315 850 1400 935 μένῦ

216 962 241 1017 c
259 947 354 1037 κόρας
375 948 420 1035 μὴ
439 952 637 1039 προῖεμίνου,
661 952 822 1031 ἀξιοῦντος
838 954 873 1019 ol
887 953 945 1039 τὴν
961 957 1120 1021 κοινωνίαν
1136 957 1284 1039 δίχεσθαι
1301 954 1375 1031 τοῦς

259 1056 422 1137 Σαβίνους,
447 1055 477 1120 ol
492 1056 548 1138 μὲν
564 1054 652 1121 άλλοι
668 1053 886 1140 βουλευόμενοι
902 1058 1073 1145 διέτριβον,
1091 1057 1209 1146 Ἅκρων
1225 1060 1260 1125 δι’
1277 1054 1294 1123 ό
1309 1064 1374 1141 βα-

259 1157 360 1235 σιλεῦς
390 1164 451 1225 τῶν
484 1160 691 1244 Καινηνιτῶν,
733 1161 907 1247 θυμοειδὴς
931 1161 1010 1251 ἀνὴρ
1038 1165 1091 1229 καί
1116 1158 1373 1246 πολεμικώτατος,

258 1262 460 1350 προεξανίστη
477 1264 531 1328 καὶ
546 1264 625 1346 μετὰ
642 1270 757 1349 πολλῆς
773 1262 880 1353 ἐχώρει
897 1264 1057 1349 δυνάμεως
1072 1269 1122 1333 ἐπὶ
1138 1266 1193 1333 τόν
1204 1262 1372 1347 Ῥωμύλον.

258 1362 337 1449 όμοῦ
355 1367 390 1433 δὲ
396 1364 549 1453 γεγονότες
558 1364 710 1454 ἀλλήλους
726 1361 955 1457 προύκαλοῦντο
971 1368 1141 1454 μάχεσθαι,
1158 1366 1417 1457 ῦτρεμούντωνλο

257 1477 319 1537 τών
335 1469 582 1556 στρατευμάτων.
632 1478 688 1556 τῆς
703 1480 779 1559 γοῦν
794 1476 988 1562 μονομαχίας
1004 1474 1122 1563 άμφοῖν
1137 1474 1298 1560 χωομένης
1314 1500 1372 1539 κα-

256 1572 403 1657 ταβάλλει
414 1576 471 1657 μὲν
483 1572 500 1641 ό
514 1572 670 1669 Ῥωμύλος
687 1577 740 1644 τόν
751 1575 904 1667 Ἄκρωνα,
928 1580 1070 1666 τρίπεται
1084 1579 1121 1645 δὲ
1137 1582 1189 1645 καὶ
1206 1577 1241 1643 τὸ
1258 1579 1372 1643 ἐκείνου

257 1675 434 1764 στράτευμα
450 1675 553 1762 μάχης
570 1684 845 1767 συγκροτηθείσης·
862 1685 914 1747 καλ
930 1683 987 1766 τὴν
1002 1682 1092 1749 πόλιν
1109 1682 1197 1769 αἱρεῖ,
1216 1681 1253 1747 οῦ
1267 1680 1372 1765 μέντοι

256 1781 329 1857 τούς
341 1781 372 1845 ίν
392 1781 471 1867 αῦτῇ
489 1780 583 1846 κακόν
600 1808 629 1847 τι
647 1783 780 1864 διίθετο,
806 1784 880 1849 ἀλλ’
898 1783 921 1868 ἢ
935 1784 1031 1867 μόνον
1048 1787 1183 1853 ίκίλευσε
1199 1784 1256 1861 τὰς
1273 1786 1371 1861 οἰκίας

257 1881 449 1961 καθελόντας
465 1884 647 1951 ἀκολουθεῖν
665 1890 708 1963 είς
727 1883 849 1972 Ῥώμην
866 1886 951 1977 αῦτῷ
958 1936 969 1968 ,
1005 1886 1049 1965 ώς
1064 1891 1191 1965 πολίτας
1208 1888 1370 1971 ἔσομίνους
1376 1903 1415 1958 15

256 1989 307 2053 καί
324 1993 386 2053 τών
403 1986 477 2053 ίσων
495 1988 775 2073 ἀξιωθησομένους.

211 2090 237 2143 D
358 2087 437 2157 Εἶτα
454 2094 505 2157 καὶ
523 2090 611 2157 άλλοι
627 2099 688 2161 τών
704 2094 849 2177 Σαβίνων
865 2102 929 2171 τοῖς
935 2089 1104 2175 Ῥωμαίοις
1117 2094 1306 2177 ἔμαχίσαντο
1317 2094 1371 2159 καὶ

253 2190 445 2279 ἡττήθησαν.
479 2196 528 2261 ἐπὶ
543 2193 663 2275 τούτοις
679 2196 708 2262 οἱ
725 2199 826 2263 λοιποί
843 2204 904 2263 τῶν
918 2196 1060 2279 Σαβίνων
1076 2197 1131 2264 τόν
1146 2196 1261 2265 Τάτιον
1272 2222 1370 2285 στρα-

254 2298 346 2385 τηγόν
367 2298 580 2377 ἀποδείξαντες
603 2302 651 2365 ἐπὶ
677 2300 732 2385 τὴν
750 2296 872 2385 Ῥώμην
898 2297 1104 2387 ἐστράτευσαν
1126 2304 1177 2367 καί
1201 2302 1236 2369 τὸ
1261 2304 1369 2367 Καπι-

250 2400 361 2469 τώλιον
373 2398 455 2469 εἷλον
470 2404 693 2491 προόεδομίνον
704 2401 766 2471 ῦπῦ
783 2408 948 2491 Ταρπηίας
961 2410 1016 2489 τῆς
1026 2404 1184 2492 θυγατρὸς
1196 2412 1251 2472 τοῦ
1266 2424 1413 2491 onoc-ao

121 2524 156 2577 w
174 2529 201 2582 11
218 2528 236 2587 7
253 2503 383 2596 ράρχου.
434 2508 529 2593 ἐκείνη
546 2508 605 2595 γάρ
624 2507 678 2597 ἐφ’
698 2507 783 2596 ῦάωρ
801 2514 998 2577 κατελθοῦσα
1015 2507 1196 2596 συνελήφθη
1213 2512 1265 2580 καὶ
1281 2506 1366 2592 ἤχθη

251 2612 329 2699 πρὸς
355 2608 486 2691 Τάτιον,
519 2615 571 2679 καί
595 2612 760 2696 ἀνεπείσθη
784 2617 952 2701 προδοῦναι
969 2612 1004 2679 τῦ
1021 2612 1141 2700 ἔρυμα,
1167 2620 1228 2677 τιῦν
1242 2618 1368 2699 χρυσῶν

322 2776 342 2829 8
357 2772 509 2841 καιηνιτῦν
526 2774 560 2843 0,
577 2774 737 2841 Κενινητοῦν
753 2774 921 2828 Plutarchus.
1026 2776 1062 2829 10
1076 2767 1220 2839 γεγονότες
1237 2772 1306 2835 ΔΟ,
1323 2788 1366 2837 γε·

322 2841 441 2913 γονότος
456 2843 525 2897 Pw.
620 2837 833 2909 προύκαλοῦνιο
849 2844 873 2896 Α
891 2842 1056 2907 Plutarchus,
1073 2840 1283 2904 προεκαλοῦντο
1294 2840 1363 2893 PW.

322 2915 355 2968 11
373 2910 560 2981 μονομαχίας]
575 2913 729 2981 μοναρχίας
744 2913 779 2965 Α.
872 2913 907 2965 14
922 2906 990 2973 τοῦς
1009 2910 1061 2964 add
1078 2910 1136 2963 AB.
1225 2910 1259 2962 15
1275 2911 1365 2961 καθε-

322 2976 417 3042 λόντες
433 2983 466 3037 Α.
572 2981 606 3035 18
623 2976 781 3051 στρατηγόν
796 2976 847 3036 τόν
863 2977 960 3035 τάτιον
976 2981 1032 3034 ΑΒ.
1137 2980 1173 3033 20
1185 2977 1308 3045 προῦιῦο
1319 3008 1364 3045 -,

322 3052 372 3105 rcli
393 3052 433 3104 uia
457 3050 553 3104 littorio
576 3052 662 3104 cruala
683 3059 712 3104 ct
728 3070 822 3105 racana
840 3051 976 3123 supplatla,
994 3050 1028 3106 B.
1166 3050 1202 3103 21
1218 3041 1312 3117 ίκείκη
1327 3075 1366 3087 -

323 3121 359 3176 22
374 3070 484 3175 Ῥάκιον
502 3138 555 3175 non
571 3120 653 3175 habet
667 3121 833 3177 Plutarchus.

355 3259 400 3313 Ob
411 3258 438 3311 id
451 3258 668 3326 lacunosum,
687 3256 817 3329 populosa
827 3275 893 3328 gana
903 3264 932 3313 ot
941 3258 1075 3326 bellium,
1087 3273 1210 3327 quaeque
1220 3256 1256 3309 ob
1267 3254 1365 3309 auimo-

252 3346 307 3383 rum
320 3328 555 3397 magnitudinem,
579 3337 608 3383 ut
632 3324 899 3383 Lacedaemoniorum
924 3328 1032 3382 colouoa
1056 3344 1105 3400 par
1130 3335 1185 3394 aot,
1204 3341 1288 3395 pagoa
1305 3324 1365 3379 aino

251 3398 332 3452 muria
349 3397 499 3466 incolebat,
524 3416 573 3471 par
589 3398 691 3468 legam·
708 3416 725 3451 a
742 3398 853 3451 Romulo
871 3400 1007 3469 petierunt
1024 3404 1071 3465 ut,
1094 3396 1223 3450 violantia
1238 3394 1363 3462 τοσοῦτοι,

253 3470 388 3523 voluntate
403 3474 432 3520 ct
449 3468 508 3539 lega
525 3469 642 3523 amicitia
658 3469 730 3521 inter
745 3468 819 3537 ipaoa
837 3474 865 3519 at
881 3468 999 3521 affinitas
1010 3466 1217 3551 contrahantur.
1252 3462 1364 3517 Romulo

250 3554 317 3662 ll?
327 3538 505 3661 llllllll
521 3536 1363 3679 tlsst‘lnlnfllllll‘Stll.3ll⁸¹:.lfl.“t⁰t

250 3678 352 3730 cundua
370 3686 398 3731 ot
415 3678 636 3745 balllcoalaaimua,
655 3678 728 3747 prior
745 3676 825 3730 armla
841 3676 960 3745 arreptis
975 3692 1082 3743 magnac
1098 3675 1188 3744 copiaa
1205 3681 1296 3727 contra
1306 3670 1362 3725 Ro·

251 3746 346 3800 mulum
363 3746 446 3801 ducit.
482 3764 538 3803 cum
556 3748 632 3803 umbo
645 3748 673 3799 in
686 3763 733 3815 pro
753 3744 833 3815 inquo
844 3751 943 3812 mant,
962 3751 1073 3813 uterquc
1085 3744 1194 3797 altarum
1203 3744 1236 3797 ad
1248 3759 1363 3812 pugnam

250 3822 398 3888 provocat,
418 3816 613 3885 quiaaoontibua
630 3815 741 3869 oxarcltr
761 3831 801 3868 ua.
836 3815 865 3866 in
885 3832 917 3867 ao
934 3812 1061 3882 cingulari
1076 3815 1217 3868 conamina
1236 3812 1364 3866 Romulua

249 3888 379 3941 Acrouam
397 3888 547 3954 obtruncat,
564 3886 755 3954 commlaaoquo
771 3884 873 3953 praello
889 3884 948 3936 oiuo
964 3883 1107 3937 axordtum
1123 3882 1212 3938 fundit
1223 3884 1363 3951 fugatque,

249 3960 341 4013 urbam
368 3956 458 4026 capit,
484 3972 570 4026 noque
594 3964 682 4009 tumen
707 3954 780 4007 cirac
803 3954 856 4006 alia
877 3952 953 4005 cludo
975 3953 1061 4007 afficit
1084 3970 1161 4023 quam
1178 3952 1248 4023 quod
1265 3952 1363 4007 dirut‘u

250 4028 361 4083 aotlibua
379 4044 409 4080 ao
426 4024 535 4079 Romam
553 4025 630 4093 coqui
646 4022 734 4089 iussit,
751 4022 946 4077 ἀπανίσταται
963 4030 992 4076 ot
1008 4040 1094 4094 aoquo
1108 4025 1171 4091 juro
1187 4036 1291 4079 uauroa.

353 4096 456 4151 Doluda
474 4096 552 4153 ctiam
570 4094 629 4149 allia
648 4092 755 4147 Sablula
773 4092 904 4148 Romanoa
922 4091 992 4146 ballo
1014 4111 1049 4164 ag
1069 4094 1148 4145 roccio
1172 4103 1201 4147 ot
1221 4091 1365 4163 superatio,

250 4169 352 4222 domum
370 4164 466 4237 reliqui
476 4166 558 4223 Tatio
576 4164 643 4219 duco
661 4169 753 4216 creato
764 4162 863 4217 Romae
880 4162 974 4216 ballum
991 4162 1019 4216 iu
1058 4170 1145 4229 amnt,
1163 4170 1190 4215 ot
1202 4163 1365 4233 Capitolium

250 4254 268 4291 a
285 4236 420 4309 Tarpeia,
446 4236 503 4289 eiua
520 4236 568 4304 qui
587 4234 646 4287 arci
662 4239 787 4304 praeerat
804 4231 872 4298 filiu,
891 4232 1032 4355 χιτοάίλαα
1048 4236 1185 4299 caporuut.
1220 4248 1365 4302 quaecum

250 4323 344 4377 aquam
369 4308 479 4379 potitum
504 4314 579 4361 extro
603 4302 706 4359 mocula
727 4301 848 4373 ¹ir'nact,
874 4320 892 4357 a
927 4300 1035 4359 Tatium
1058 4300 1190 4369 perducta
1206 4301 1365 4370 pmouadari
