3050 4809
521 268 737 365 sausenm
759 268 827 337 x11
852 270 904 338 ει.
1193 270 1267 345 ουτ

259 437 415 525 Λύρίολος
432 438 467 501 δέ
482 437 515 501 ἐκ
529 435 635 523 χώρας
651 438 694 504 uir
708 443 835 523 Γετικής
850 450 904 525 τῆς
918 440 1046 530 ὕστερον
1063 442 1184 521 Δακίας
1202 445 1267 510 ἐπι-

158 542 339 624 κληθείσης,
365 543 416 605 κοέ
439 541 543 624 γίνοος
567 539 691 625 ἀσήμου
715 542 843 625 (ποιμήν
859 544 918 630 γὰρ
936 545 1076 632 ἐτύγχανε
1094 546 1266 635 πρότερον),

156 651 212 727 τῆς
227 642 321 727 τύχης
340 645 373 707 δέ
389 642 484 707 αῦτδν
501 647 543 718 είς
561 646 639 728 μέγα
656 650 864 729 βουληθείσης
882 649 1007 733 ἐπῦραι,
1034 650 1265 737 ἐστρατεύσατο,

158 749 208 810 καί
232 747 399 832 περιδίξιος
421 746 566 829 γεγονώς,
592 754 654 811 τιῦν
676 754 844 828 βασιλικῶν
865 752 1171 837 ἰ’ππωνφροντιστὴς
1188 780 1265 840 προ-

126 851 331 933 ῦκεχείριστο.
381 852 432 913 καὶ
456 853 524 933 περὶ
548 848 675 925 τούτους
692 851 870 933 εὐδοκιμῶν,
892 839 1104 938 ιἰεχαριομίνος
1121 856 1203 933 ἐδοξε
1220 864 1264 947 τῷ
1280 874 1304 926 Ι)

156 958 326 1037 κρατοῦντι.
377 958 438 1015 suiv
462 953 495 1014 δέ
518 954 550 1015 ἐν
571 959 611 1038 τῇ
628 955 739 1044 Μυσίφ
757 962 952 1039 στρατιωτῶν
969 955 1197 1023 στασιασάντων
1215 964 1265 1023 καλ

151 1054 315 1138 ’Ῐγγενοῦον
331 1053 543 1140 αὐτοκράτορα
560 1053 752 1133 αἰνειπύντων,
771 1060 820 1121 καὶ
838 1064 894 1122 τοῦ
911 1061 942 1119 Γ
939 1056 1062 1141 αλιήνου
1081 1060 1165 1146 αύτῷ
1181 1062 1264 1125 ἀντι-

155 1157 325 1238 ταξαμίνου
349 1161 417 1241 περί
442 1158 477 1221 τὸ
503 1160 631 1241 Σίρμιον
653 1158 732 1240 μετά
757 1166 819 1224 τιῦν
841 1160 943 1225 ἄλλων
967 1163 1016 1224 καί
1043 1166 1266 1245 Μαυρουσίους

156 1260 352 1343 ἐπαγομένου,
384 1262 419 1323 oi*
437 1260 498 1323 άπδ
520 1257 646 1343 Μήδων
668 1259 858 1345 κατάγεσθαι
885 1264 1037 1347 λέγονται,
1067 1262 1084 1329 ὃ
1110 1264 1266 1349 Αύρίολος

112 1362 317 1446 λθῖππαρχιῦν
340 1368 480 1445 γενναίως
503 1363 581 1444 μετὰ
602 1370 663 1428 τιῦν
686 1364 800 1429 ἱππίων
817 1364 1042 1449 ἀγωνισάμενος
1057 1368 1189 1444 πολλούς
1204 1375 1265 1432 τῶν

156 1464 195 1526 τὰ
214 1460 378 1547 Ἰγγενούοο
402 1462 596 1549 φρονούντων
618 1463 741 1531 διώλεσε
759 1470 809 1531 καὶ
827 1468 899 1544 τούς
914 1468 1038 1543 λοιπούς
1054 1471 1205 1554 ἐτρίψατο
1223 1473 1265 1545 είς

156 1563 267 1651 φυγήν,
294 1562 336 1641 ὡς
358 1569 408 1628 καὶ
433 1567 526 1631 αύτδν
549 1569 607 1630 τδτ
620 1568 784 1651 Ἰγγενοῦον
808 1568 929 1655 φεύγειν
951 1570 1144 1654 ἀπεγνωκότα
1162 1576 1212 1637 καλ
1230 1575 1261 1637 ἐν
1278 1589 1416 1645 Wlfflfi

155 1674 199 1755 τῷ
216 1666 337 1754 φεύγειν
353 1668 554 1751 ἀναιρεθῆναι
572 1670 657 1753 παρὰ
675 1678 737 1734 τιῦν
753 1671 938 1757 δορυφόρων
954 1674 1059 1738 αύτοῦ.

258 1764 365 1846 Αὖθις
381 1762 435 1834 οῦν
447 1774 633 1852 Ποστοῦμος
648 1779 692 1860 τῷ
703 1776 735 1834 Γ
732 1774 845 1862 αλιήνιρ
862 1777 1067 1840 ἐπανίσταται.
1094 1778 1190 1839 παῖδα
1203 1777 1263 1862 γὰρ

113 1873 234 1954 Ιοῖχων
256 1871 273 1937 δ
297 1871 495 1958 αύτοκρύτωρ
518 1866 608 1949 οῦτος
623 1870 797 1957 ῦμιύνοριον,
825 1875 922 1954 δεξιόν
938 1904 969 1943 τε
987 1881 1036 1943 καί
1056 1876 1261 1963 εὐπρόσωπον,
1279 1898 1301 1953 Ρ
1318 1880 1422 1951 [632⁸

154 1974 190 2039 ῦν
213 1978 264 2040 καλ
288 1984 342 2054 τής
364 1979 521 2056 βασιλείας
537 1974 595 2058 εἶχε
614 1977 769 2060 διάδοχον,
792 1981 824 2043 ἐν
835 1980 1011 2068 Ἀγριππίνῃ
1029 1990 1067 2068 τῇ
1086 1980 1170 2046 πόλει
1188 2008 1262 2049 κατ·

155 2080 254 2157 ἔλιπε,
280 2090 344 2155 τοῖς
369 2082 399 2140 Γ
397 2077 500 2157 άλλως
524 2076 584 2143 ῦπδ
608 2084 741 2144 Σκυθῶν
766 2085 991 2167 πορθουμίνοις
1015 2084 1262 2167 ἐπικουρήσοντα.

154 2172 180 2269 ᾧ
201 2184 255 2245 καί
274 2208 342 2246 τινα
362 2181 509 2260 Ἀλβανὸν
526 2184 706 2262 κεκλημένον
722 2184 864 2265 ἐπέστησε
883 2186 935 2247 διδ
953 2187 1007 2267 τὴν
1025 2184 1149 2268 νεότητα
1168 2188 1262 2251 αύτοῦ

153 2291 209 2349 τοῦ
225 2284 302 2348 υἱοῦ.
328 2288 514 2364 Ποστοῦμος
533 2284 567 2345 δέ
583 2286 625 2358 είς
643 2285 783 2367 φυλακήν
800 2292 854 2348 τοῦ
867 2282 974 2367 Ῥήνου
992 2295 1132 2367 ποταμοῦ
1149 2288 1262 2364 ἐαθείς,

109 2384 232 2451 tutiore
250 2383 376 2451 κωλύειν
391 2397 455 2459 τοῖς
470 2386 566 2467 πίραν
581 2387 716 2449 οἰκοῦσιν
729 2384 902 2471 βαρβάροις
915 2388 970 2470 τήν
983 2392 1025 2464 είς
1039 2385 1262 2471 τήνῬωριαΐδα

150 2485 258 2572 χιύραν
275 2486 428 2567 διάβασιν,
449 2489 585 2550 λαθοῦσί
598 2512 658 2551 τισι
675 2490 726 2550 καὶ
743 2491 870 2569 διαβᾶσι
886 2490 939 2553 τδν
955 2493 1092 2572 ποταμὸν
1110 2494 1161 2555 καὶ
1179 2482 1261 2557 λείαν

154 2591 350 2674 ἐπαγομίνοις
374 2590 489 2671 πολλήν
512 2591 544 2653 ἐν
567 2596 611 2678 τῷ
635 2590 786 2655 ἐπανιίναι
808 2592 950 2670 ἐπίθετο,
978 2597 1027 2657 καὶ
1052 2594 1184 2670 πολλοὺς
1205 2594 1261 2675 μέν

223 2826 240 2876 2
258 2826 320 2892 post
334 2815 433 2889 γένους
448 2822 470 2874 λ
489 2820 541 2873 add
558 2815 651 2886 ἐκφύς.
753 2816 807 2888 γὰρ
828 2837 868 2873 om
886 2822 944 2877 BC.
1060 2822 1092 2878 17
1110 2816 1260 2891 ίπιιιουρή.

222 2908 308 2944 σαντα
325 2891 381 2955 ΑΟ,
397 2882 621 2957 ἐπικουρήσοντα
638 2890 708 2942 PW.
815 2890 848 2942 18
865 2885 1002 2959 Ἀλβανὸν]
1021 2886 1163 2962 Σιλβανδν
1179 2891 1259 2945 Zosi-

222 2978 278 3014 mus
295 2961 308 3012 1
325 2960 370 3014 38.
474 2954 563 3013 orituri
579 2977 619 3012 om
635 2958 691 3014 AC.

208 3168 213 3175 '
253 3164 381 3218 Aureolus
404 3182 469 3217 vero
493 3183 526 3218 ex
549 3163 687 3235 provincis
711 3164 808 3216 Getica
840 3162 893 3232 (sio
923 3165 991 3217 enim
1014 3162 1099 3216 Dacia
1128 3161 1257 3231 quondam

86 3264 89 3267 ·
152 3234 310 3299 vocabatur)
328 3236 440 3286 obscuro
457 3250 556 3301 genere
573 3244 646 3284 ortus
663 3234 770 3302 (pastor
786 3232 853 3285 enim
870 3232 935 3301 luit)
960 3250 1017 3297 cum
1034 3251 1050 3286 s
1069 3233 1176 3284 fortuna
1196 3250 1257 3286 ere·

152 3304 252 3355 hendus
269 3310 352 3363 esset,
378 3302 516 3367 militavit,
541 3309 622 3369 etque
638 3302 767 3353 industria
785 3312 942 3355 consecutus
960 3310 1001 3354 est
1019 3310 1047 3354 ut
1064 3301 1126 3369 equi
1145 3301 1256 3371 imperu-

151 3372 215 3424 torii
233 3387 296 3422 suae
314 3371 376 3422 lidei
394 3372 587 3423 mandarentur.
607 3387 672 3435 quos
690 3371 751 3439 quia
769 3371 903 3439 praeclare
919 3373 1062 3436 tractabat,
1081 3385 1157 3423 carus
1175 3370 1256 3423 hebe-

148 3442 231 3493 batur
247 3438 410 3509 imperatori.
427 3439 522 3490 deinde
540 3456 596 3490 oum
610 3438 728 3490 Moesiae
743 3439 860 3506 legiones
878 3440 1019 3508 Ingenuum
1037 3457 1085 3509 per
1101 3438 1256 3493 seditionem
1352 3494 1358 3501 ,

151 3509 334 3578 imperatorem
351 3508 492 3572 dixissent,
517 3515 545 3558 et
560 3506 696 3559 Gallienus
713 3516 820 3575 praeter
837 3516 954 3561 coeteros
973 3509 1051 3561 etiam
1069 3508 1177 3560 Mauros
1194 3511 1256 3577 (hos

151 3596 168 3630 a
192 3578 279 3629 Medis
303 3587 466 3647 propagatos
491 3592 549 3627 esse
570 3576 657 3643 aiunt)
687 3586 782 3628 contra
810 3594 866 3629 eum
891 3578 923 3629 ad
951 3578 1071 3630 Simrium
1094 3577 1255 3645 adduxisset,

151 3647 279 3697 Aureolus
304 3647 429 3715 magister
454 3645 569 3713 equitum
594 3654 700 3697 strenue
726 3646 888 3709 dimicando,
911 3646 998 3699 moltis
1020 3646 1139 3699 hostibus
1162 3648 1255 3715 eaesis,

150 3715 265 3781 reliquos
282 3715 419 3783 ipsumque
435 3715 576 3782 ingenuum
595 3716 673 3767 rebus
690 3716 839 3783 desperatis
857 3717 883 3766 in
902 3716 989 3785 fugam
1006 3711 1133 3779 coniecit3
1158 3716 1185 3769 in
1202 3734 1256 3787 qua

151 3782 240 3837 esuis
255 3784 409 3835 satellitibus
426 3794 469 3835 est
486 3782 598 3835 occisos.
870 3848 872 3853 Ι
960 3846 961 3850 ¹

255 3852 314 3904 Hoc
337 3853 433 3903 domito
453 3854 587 3904 Postumus
603 3858 698 3904 eontra
715 3852 897 3920 imperatorem
917 3852 1032 3922 insurgit
1049 3851 1095 3906 teli
1112 3853 1145 3905 de
1164 3869 1257 3907 causa.v

149 3921 285 3977 Gallienus
301 3922 378 3973 lilium
398 3920 558 3986 Gallienum,
584 3922 772 3974 adolescentem
790 3921 921 3974 sollertem
944 3934 971 3975 et
997 3924 1153 3987 formosum,
1176 3937 1253 3989 quem

149 3991 252 4063 ὶιορτιὶἰ
268 4007 444 4044 successorem
461 3991 626 4056 destinabat,
645 3992 672 4043 in
689 3993 756 4043 urbe
773 3990 917 4061 Agrippina
935 3990 1094 4063 reliquerat,
1115 3997 1143 4041 ut
1159 3990 1253 4055 Gallis,

149 4078 216 4130 quos
234 4062 351 4128 Scythae
368 4062 533 4127 premebant,
558 4076 632 4129 opem
652 4061 737 4113 ferret
776 4060 878 4113 Albano
896 4062 996 4114 cuidem
1015 4066 1123 4130 propter
1140 4064 1253 4111 aetatem
1305 4068 1311 4077 '

148 4130 318 4184 commissum.
354 4130 491 4181 Postumus
516 4141 580 4181 vero
605 4128 638 4180 ad
661 4102 804 4182 custodiam
829 4130 913 4182 llheni
936 4129 1049 4183 fluminis
1073 4128 1196 4192 relictus,
1224 4134 1254 4181 ut

147 4196 350 4251 transrhenanos
368 4200 494 4252 barbaros
512 4197 684 4251 Romanarum
706 4199 900 4268 provinciarum
923 4199 1070 4251 incursione
1092 4196 1252 4265 prohiberet,

147 4270 262 4323 transitu
279 4284 367 4321 eorum
385 4284 437 4321 non
454 4268 645 4338 animadverso,
662 4266 689 4321 in
706 4269 792 4321 redito
810 4269 909 4340 praede
926 4276 1034 4321 onustos
1052 4265 1169 4337 adortus,
1187 4267 1252 4321 nol-
