3050 4809
241 157 318 252 eso
602 183 775 250 rossus
801 183 998 248 zousurs

242 351 413 433 εσκευάζετο
431 350 473 430 ὡς
485 351 669 438 πολεμήσων
685 360 723 440 τῇ
741 351 877 440 ἐπιούσῃ.
902 354 940 419 τὰ
955 353 992 417 'd’
1012 351 1092 418 αύτδ
1109 354 1160 416 καὶ
1177 350 1351 439 τῷΔημο-

147 471 148 480 ’
238 457 328 543 χάρει
353 460 542 539 συμβέβηκε,
574 461 624 522 καλ
655 455 834 540 ἡτοιμάζετο
865 460 1002 532 κάκεῖνος
1032 454 1074 532 ὡς
1102 467 1167 532 τοῖς
1196 458 1351 536 πολεμίοις

244 559 473 640 ἐσελευσόμενος
479 608 489 637 ,
516 563 565 624 καί
584 562 637 628 τὸν
654 563 766 636 Σέξτον
783 564 816 625 δέ
832 562 1058 641 μετεπέμψατο.
1109 558 1209 644 ἡμέρα
1233 583 1265 622 τε
1287 558 1348 640 ἤδη

242 661 415 744 ύπέλαμπε,
433 665 483 730 καὶ
500 662 596 750 ἀμφω
613 665 652 729 τὰ
668 666 796 729 ναυτικὰ
812 664 861 726 ἐπ’
881 663 999 747 ἀλληλα
1016 665 1121 729 ἔπλεον
1138 665 1189 727 καὶ
1203 669 1260 742 τῆς
1275 687 1352 725 ναυ-
1369 735 1376 751 ⁴

206 779 228 831 B
245 768 358 848 μαχίας
374 765 557 852 ἀπήρξαντο.
587 771 637 833 καὶ
654 769 701 830 ἐπὶ
719 774 858 832 πλεῖστον
874 769 930 850 μέν
946 765 1136 850 ἀγχωμάλως
1151 766 1380 849 ήγωνίσαντο,5

245 869 305 950 ὀψὲ
321 869 354 933 d'
374 863 428 934 οάν
445 895 515 934 ποτε
532 873 582 932 καῖ
599 869 676 954 πρὸς
692 869 786 935 νύκτα
802 869 862 952 ήδη
880 872 909 935 oi
926 879 981 935 τοῦ
995 872 1153 956 Καίσαρος
1169 867 1352 954 ἐκράτησαν,

245 973 282 1038 ού
299 973 401 1055 μέντοι
418 976 467 1037 καὶ
486 975 658 1050 ἐπεδίωξαν.

353 1077 472 1159 Καῖσαρ
490 1077 524 1140 δέ
541 1083 594 1140 τοῦ
606 1078 720 1153 Σέξτου
738 1078 772 1140 ἐκ
787 1083 843 1158 τῆς
859 1074 1028 1157 Μεσσήνης
1044 1073 1097 1140 διδ
1109 1073 1164 1157 τὴν
1177 1075 1354 1153 ναυμαχίαν

245 1175 419 1265 ἀπάραντος
438 1176 604 1255 ἀκινδύνως
620 1177 794 1264 ἐπεραιώθη
812 1180 889 1263 πρὸς
907 1179 1124 1260 Ταυρομένιον.
1166 1177 1226 1259 ἤδη
1245 1178 1278 1241 δέ
1295 1182 1355 1256 τῆς

244 1284 416 1364 ναυμαχίας
431 1285 601 1364 παυθείσης
618 1286 736 1366 σπουδῇ
754 1283 830 1367 πρὸς
846 1282 901 1364 τήν
919 1278 1089 1363 Μεσσήνην
1106 1279 1123 1344 ὃ
1140 1282 1252 1356 Σέξτος
1276 1280 1398 1362 ἀρνί-λθ

245 1410 329 1462 κετο,
356 1388 406 1449 καὶ
430 1385 544 1466 μαθιδν
566 1388 776 1469 περαιωθέντα
799 1386 852 1450 τάν
875 1387 1039 1468 Καίσαρα,
1065 1386 1245 1465 προσέμιξεν
1269 1383 1356 1468 αύτῷ

245 1489 324 1554 κατὰ
340 1495 406 1574 γῆν.
459 1493 509 1552 καὶ
526 1487 543 1554 ὁ
560 1491 684 1570 Καῖσαρ
701 1496 756 1554 τοῖν
773 1514 803 1553 τε
821 1495 964 1553 ναυτικοῦ
980 1489 1016 1552 τὸ
1032 1494 1134 1552 πλεῖον
1150 1488 1284 1566 ἀπέβαλε
1301 1488 1356 1548 καὶ

246 1591 338 1667 αὐτὸς
365 1593 465 1674 ὀλίγου
483 1591 735 1677 προσδιεηθιίρη·
760 1593 836 1668 τέως
852 1592 886 1655 δ’
907 1583 960 1655 σύν
977 1594 1019 1666 εἰς
1035 1591 1091 1673 τὴν
1107 1589 1231 1674 ἤπειρον
1249 1590 1356 1652 διασέ-

246 1717 357 1760 σωστο.
407 1693 522 1776 ήχθετο
547 1696 580 1758 δέ
597 1701 652 1759 τοῦ
670 1693 898 1778 στρατεύματος
913 1697 944 1758 ἐν
960 1701 997 1778 τῇ
1014 1692 1098 1781 νήσῳ
1117 1694 1355 1774 ἀπειλημμένου,

245 1801 297 1860 καλ
316 1797 351 1860 οδ
371 1799 441 1880 πρὶν
458 1795 667 1882 ἀνεθάρσησεν
685 1799 741 1873 ἕως
760 1798 852 1878 ἰχθύς
868 1797 1033 1880 ἀναθορὼν
1055 1799 1088 1860 ἐκ
1112 1803 1166 1877 τῆς
1189 1792 1355 1876 θαλάσσης
1363 1803 1397 1857 15

209 1908 233 1962 0
251 1895 424 1980 αὐτόματος
442 1899 519 1985 πρὸς
543 1900 614 1976 τοὺς
637 1898 733 1975 πόδας
758 1901 854 1964 αὐτοῦ
875 1899 973 1964 ἴπεσε·
1001 1906 1090 1964 τοῦτο
1108 1898 1168 1982 γὰρ
1184 1899 1214 1984 οῖ
1228 1895 1357 1978 μάντεις

247 2003 359 2084 δηλοῦν
374 2001 558 2085 ἐξηγήσαντο
576 2001 622 2068 ὅτι
640 2001 826 2069 δουλώσεται
841 2004 897 2082 τὴν
914 2001 1087 2068 θάλασσαν.
1112 1998 1133 2083 ή
1152 2003 1185 2065 δέ
1201 2008 1256 2065 τοῦ
1272 2003 1356 2064 Καί-

247 2129 342 2190 σαρος
358 2107 485 2189 στρατιὰ
503 2107 715 2192 ἐπολιορκεῖτο,
737 2110 791 2173 ,καὶ
809 2107 871 2170 ἐπεὶ
889 2106 926 2170 τὰ
943 2104 1098 2186 ἐπιτήδεια
1114 2106 1253 2170 ἐπέλιπον
1270 2111 1357 2188 σφοῖς

246 2211 298 2274 καῖ
324 2205 340 2274 ὃ
363 2207 532 2292 βοηθήσων
557 2211 613 2275 οὐκ
639 2202 686 2292 ἦν,
712 2207 729 2274 ὅ
754 2207 867 2290 ταύτης
890 2207 993 2292 ἀρχων
1011 2209 1236 2295 Κορνουφίκιος
1258 2207 1299 2272 τά
1322 2233 1357 2271 τε

246 2309 351 2399 σκάφη
378 2311 437 2378 ὅσα
462 2315 494 2377 ἐκ
520 2319 574 2397 τῆς
596 2315 767 2396 ναυμαχίας
791 2314 993 2396 περισέσωστο
1019 2310 1144 2388 ἐκαυσε,
1184 2314 1235 2375 καὶ
1261 2309 1400 2386 aritiam

246 2415 323 2502 πρδς
339 2415 394 2493 τὰς
413 2414 527 2492 Μύλας
550 2416 644 2499 ἀπῆγε
667 2416 721 2498 τὴν
744 2412 900 2498 στρατιάν.
950 2418 1000 2478 καί
1026 2415 1126 2478 πολλὰ
1149 2412 1356 2497 ἐκακώθησαν

246 2519 332 2603 παρὰ
349 2525 409 2584 τῶν
426 2520 566 2584 ἐναντίων
583 2519 775 2605 ἐφεπομένων
794 2519 897 2594 αὐτοῖς
921 2517 952 2582 ἐν
974 2543 1005 2583 τε
1028 2523 1066 2603 τῇ
1083 2516 1162 2602 ἄλλη
1178 2519 1287 2607 πορείᾳ
1303 2520 1357 2580 καὶ

247 2627 365 2702 μᾶλλον
390 2623 420 2685 ἐν
442 2631 515 2702 ταῖς,
533 2626 594 2703 τῶν
619 2627 765 2702 ποταμῶν
788 2619 959 2701 διαβύσεσι.
1010 2624 1062 2684 καί
1078 2623 1125 2684 ἐπὶ
1143 2631 1223 2705 τρεῖς
1238 2618 1357 2704 ἡμέρας

318 2847 335 2900 5
352 2843 518 2912 ἀπείρξαυτο
535 2849 568 2901 Α.
674 2847 708 2905 li
723 2849 873 2916 δηλοῦντες
890 2850 922 2904 Α,
1027 2849 1061 2902 19
1084 2832 1282 2917 κορνουφίκιος
1298 2851 1357 2916 ΑΒ,

320 2919 524 2997 Κουρνοηιήκιος
541 2917 609 2970 PW.
713 2919 748 2972 λθ
765 2913 944 2985 περισέσωστο
963 2919 994 2985 Α,
1013 2915 1180 2987 περιέσωστο
1198 2919 1263 2974 PW.

249 3129 279 3177 et
296 3140 370 3175 nemo
388 3129 479 3175 contra
497 3123 557 3186 iret,
575 3139 697 3175 reversus
714 3141 743 3175 se
765 3129 795 3175 ut
811 3123 940 3192 postridie
956 3122 1126 3176 dimicaturus
1142 3123 1256 3193 pararit.
1286 3123 1361 3176 idem

249 3199 278 3244 et
294 3191 448 3244 Demochari
471 3191 581 3254 accidit,
607 3193 651 3259 qui
670 3199 697 3244 et
716 3193 773 3262 ipse
790 3202 820 3244 ut
836 3194 864 3244 io
883 3193 984 3244 hostem
1002 3203 1164 3261 prognaturus
1183 3195 1296 3244 Sextum
1314 3211 1362 3244 sr-

249 3259 367 3312 cessivit.
402 3261 514 3313 diluculo
537 3262 628 3312 ambae
651 3263 747 3314 classes
774 3263 918 3329 productae
947 3261 1097 3327 longissimo
1129 3274 1247 3330 ternpore
1270 3280 1361 3331 aequo

249 3329 337 3382 Marte
355 3330 523 3382 dimicarunt:
547 3330 650 3384 tandem
672 3333 721 3384 sub
744 3340 846 3383 noctem
865 3331 1021 3383 Caesariani
1040 3331 1177 3398 vicerunt,
1204 3333 1250 3383 sed
1271 3333 1362 3384 victos

248 3415 301 3450 non
321 3400 451 3468 persecuti
471 3405 542 3454 sunt.
777 3403 781 3407 ’

352 3501 459 3568 Caesar,
478 3518 535 3554 cum
553 3503 650 3554 Sextus
668 3511 778 3569 propter
793 3503 909 3554 navalem
929 3519 1040 3571 pugnero
1051 3503 1176 3554 Messana
1188 3503 1362 3568 decessisset,

250 3569 317 3622 citra
334 3571 476 3639 periculum
495 3571 690 3624 Taurominium
708 3572 824 3624 traiecit.
846 3581 955 3639 peracto
974 3572 1074 3640 praelio
1092 3571 1191 3622 Sextus
1208 3573 1360 3624 Messanam

249 3641 372 3691 celeriter
390 3657 528 3706 reversus,
553 3642 659 3709 cognito
679 3641 800 3694 Caesaris
818 3642 948 3706 traiectu,
973 3651 1045 3693 terra
1070 3658 1126 3692 eum
1145 3658 1288 3708 eggressus
1305 3651 1362 3692 estc

249 3709 295 3776 qui
311 3710 403 3760 classis
419 3709 527 3762 maxims
546 3721 621 3778 parte
638 3711 733 3762 amissa
751 3712 933 3778 propemodum
953 3710 1010 3778 ipse
1027 3726 1134 3777 quoque
1152 3710 1293 3779 periisset,
1311 3710 1360 3761 sed

249 3787 303 3830 tum
328 3786 401 3830 terra
427 3778 520 3833 evasit.
557 3796 688 3848 aegreque
711 3781 799 3830 ferens
824 3779 965 3832 exercitum
990 3779 1017 3831 in
1043 3777 1129 3840 insuia
1154 3780 1360 3830 circumventum

250 3863 309 3900 osse
330 3865 381 3898 non
401 3847 472 3916 prius
490 3850 592 3930 recepit
608 3849 717 3900 animuin
735 3865 810 3916 quem
829 3848 911 3917 piscis
928 3848 997 3900 saltu
1015 3865 1031 3898 e
1048 3849 1112 3899 mari
1128 3848 1155 3900 in
1172 3859 1268 3901 serrem
1285 3849 1359 3898 sacto

249 3925 343 3985 sponte
362 3927 423 3967 ente
442 3917 522 3984 pedes
540 3933 597 3968 erus
615 3916 737 3969 concidit.
773 3918 799 3969 id
823 3917 889 3970 enim
916 3926 991 3969 vates
1014 3917 1274 3984 interpretabantur,
1297 3916 1360 3968 iore

250 3997 281 4039 ut
301 3987 362 4038 mari
382 3986 520 4054 potiretur,
557 3985 614 4036 eius
639 4003 703 4036 vero
728 3987 859 4038 exercitus
882 4003 939 4038 cum
963 3996 991 4038 et
1008 3986 1173 4039 obsideretur
1190 3994 1218 4038 et
1236 3985 1361 4038 sumente

251 4070 304 4106 non
316 4057 427 4108 heberet
444 4062 471 4106 et
488 4072 563 4124 opem
580 4057 663 4106 ferret
680 4073 762 4121 nemo,
782 4055 947 4107 Cornuficius
965 4058 1017 4107 dux
1035 4057 1092 4107 eius
1108 4055 1222 4108 navibus
1238 4072 1254 4108 e
1272 4072 1363 4124 pugna

251 4124 360 4192 ro'iquis
382 4123 482 4176 exustis
507 4125 565 4192 ipse
587 4139 691 4190 quoque
710 4127 743 4175 ad
760 4125 848 4192 Mylas
866 4125 975 4184 abduxit
993 4123 1096 4192 copias3
1119 4131 1201 4193 atque
1218 4124 1247 4175 in
1263 4124 1363 4177 itinere

253 4193 345 4246 mulus
361 4195 449 4248 clades
466 4195 584 4262 accepit,
609 4191 633 4245 in
653 4193 784 4246 fluminum
801 4195 917 4246 transitu
935 4193 1111 4263 potissimum,
1137 4192 1258 4246 hostibus
1283 4203 1362 4261 tergo

658 4317 674 4351 Ο
