3050 4809
506 245 717 312 snnssnnt
741 247 779 312 x
804 248 855 314 ιο.
1057 233 1061 240 “
1160 247 1236 321 stt

133 417 187 502 λήν
209 412 417 494 ἐδουλώσατο,
450 414 505 498 τήν
534 423 595 481 τών
618 419 881 504 καταλειφθέντων
904 427 947 510 τῷ
974 416 1063 510 δήμῳ
1087 423 1237 506 διανομήν

133 518 215 608 παρά
231 518 418 604 τοῦπατρὸς
435 515 613 603 ἐποιήσατο,
627 523 679 584 ‘lna
696 524 748 585 καὶ
765 519 891 599 τούτους
906 524 960 612 ἐφ’
979 523 1089 590 ἑαυτὸν
1106 523 1237 592 ἐπωπά-

133 651 220 710 σνμαι
244 624 295 687 καὶ
320 620 364 706 μή
388 623 632 704 ἐναντιουμένους
653 624 711 700 {Zet
729 624 806 709 πρὸς
822 626 878 708 τήν
893 633 954 692 τῶν
970 630 1086 714 φονίων
1103 635 1160 694 τοῦ
1176 655 1237 694 πα-

132 726 202 816 τρὸς
224 729 372 810 τιμωρίαν
397 723 595 813 τραπόμενος.
646 725 829 813 δικαστήρια
850 729 907 812 μὲν
929 719 983 794 οόν
1009 729 1160 812 ἐκάθισεν,
1183 736 1276 807 ‘inab

109 831 176 915 sni]
198 834 273 916 δοκῇ
297 829 407 910 βιαίως
429 855 458 894 τι
483 826 636 916 πράττειν,
661 833 712 895 καὶ
735 839 832 896 ταῦτα
851 838 912 897 τών
928 830 1072 898 πλειόνων
1089 831 1238 915 ἀπόντων,
1290 854 1292 861 “

131 941 219 1002 τινῶν
237 934 271 998 δὲ
286 935 335 997 καί
353 927 513 1016 ἡγεμονίας
530 929 659 1015 ἐχόντων
675 932 785 1000 ἐθνιῦν.
830 939 856 999 εί
873 936 909 999 δέ
923 961 1001 1010 τινες
1018 938 1068 1001 καὶ
1087 945 1238 1023 παρῆσαν,

132 1037 199 1104 οὔτε
232 1033 410 1119 ἀπήντησαν
440 1035 588 1114 δεδιότες,
626 1035 706 1102 ἀλλὰ
737 1040 788 1102 καί
818 1035 925 1124 λάθρα
951 1064 1012 1104 που
1038 1037 1238 1126 ἐξεχώρησαν.

131 1139 248 1228 ἐρήμην
265 1133 319 1204 οόν
337 1137 393 1222 οὐχ
411 1139 438 1203 οἱ
457 1138 629 1225 αἰτόχειρες
646 1140 718 1206 οὐδ’
744 1141 773 1205 οἱ
798 1140 1024 1224 συνομόσαντες
1045 1139 1141 1224 μόνον
1155 1130 1240 1226 ήλω-

131 1270 199 1323 σαν,
226 1242 372 1307 ἀλλὰκαὶ
391 1246 494 1326 συχνοὶ
513 1244 667 1328 ἕτεραιμὴ
685 1242 887 1326 μετασχόντες
903 1252 958 1328 τῆς
975 1247 1148 1330 ἐπιβουλῆς,
1165 1247 1243 1324 τινές

94 1349 165 1418 10δέ
181 1345 261 1432 μηδ’
281 1347 477 1428 ἐνδημοῦντες
493 1343 561 1411 τότε
582 1352 622 1432 τῇ
646 1345 746 1426 πόλει,
773 1337 815 1412 ὧν
840 1343 883 1424 είς
905 1341 943 1432 ήν
967 1351 1017 1414 καί
1041 1345 1058 1413 ό
1076 1346 1242 1433 Πομπήϊος

132 1453 261 1529 Elisos
297 1449 331 1514 ni*
349 1445 445 1534 πυρός
467 1475 500 1513 τε
517 1451 566 1514 καί
583 1449 695 1527 taarog
712 1450 892 1537 εἴρχθησαν,
916 1453 968 1515 καὶ
985 1452 1017 1518 αἱ
1035 1453 1136 1517 οὖσίαι
1152 1459 1241 1541 σφῶν

132 1549 359 1640 ‘tuebitur-
1236 1614 1241 1624 ·

238 1660 349 1719 Ίοιῦτο
367 1652 466 1718 τοίνυν
491 1648 609 1738 πράξας
631 1649 647 1718 ό
667 1655 790 1740 Καῖσαρ
815 1657 863 1721 ἐπὶ
887 1655 941 1722 τόν
956 1657 1098 1723 Λέπιδον
1120 1661 1171 1722 καὶ
1188 1658 1261 1724 τόν·

126 1757 287 1827 Ἀντώνιον
303 1759 400 1838 δῆθεν
416 1752 627 1840 ἐστράτευσεν·
652 1754 739 1842 ἔργον
763 1758 795 1822 δ’
822 1759 913 1824 οὐδὲν
937 1757 1080 1846 ἔπραξεν,
1113 1760 1170 1844 οὐχ
1193 1759 1240 1828 ὅτι
1257 1775 1397 1834 wnltt

94 1876 125 1928 15
133 1869 179 1952 τῷ
192 1862 341 1946 Ἀντωνίῳ
359 1857 583 1942 κεκοινολόγητο
600 1861 650 1922 καί
668 1859 713 1924 δι’
733 1863 847 1926 ἐκείνου
864 1867 914 1926 καί
931 1869 974 1947 τῷ
990 1866 1140 1952 Λεπίδῳ,
1163 1865 1282 1958 ἀλλ’,ὓ

133 1965 182 2032 ότι
201 1962 344 2048 ίσχοροδς
360 1960 470 2038 αότοδς
486 1957 567 2047 ἐώρα
580 1965 631 2026 καὶ
644 1959 877 2050 ὁμογνώμονας,
895 1968 946 2030 καὶ
960 1965 1069 2050 ἤλπισε
1082 1967 1125 2032 δι’
1143 1969 1244 2036 adens

132 2067 186 2135 τόν
204 2093 236 2132 τε
253 2063 391 2132 Κάσσιον
409 2067 459 2130 καὶ
476 2064 528 2129 τόν
545 2068 683 2150 Βροῦτον
698 2067 777 2150 μίγα
795 2070 982 2150 δυνηθέντας
996 2068 1058 2153 ήδη
1075 2073 1244 2156 καταγωνί-

133 2177 255 2238 σοσθαι
271 2171 321 2234 καὶ
337 2167 415 2254 μετὰ
432 2173 521 2233 τοῦτο
539 2166 694 2244 κάκείνους
714 2169 756 2233 δι’
778 2169 918 2258 ἀλλήλων
933 2172 1157 2255 χειρώσασθαι.
1191 2174 1244 2239 διὰ

134 2282 231 2340 ταῦτα
249 2271 304 2349 τάς
320 2268 478 2355 συνθήκας
496 2266 512 2334 ό
530 2270 654 2354 Καῖσαρ
672 2272 722 2334 καὶ
739 2269 823 2335 ίίκων
839 2269 955 2357 ἐτήρει,
982 2275 1031 2335 καὶ
1051 2275 1246 2359 καταλλαγάς

96 2379 240 2453 tondent}
257 2374 334 2460 πρὸς
357 2374 412 2456 τὴν
434 2371 551 2455 βουλὴν
573 2373 624 2436 καὶ
648 2370 725 2454 πρὸς
740 2372 794 2437 τόν
811 2372 919 2456 όμιλον
935 2371 1163 2456 ἐπρυτάνευσεν,
1189 2375 1244 2440 nris

135 2479 228 2556 οὗτός
246 2475 358 2554 ταότας
375 2471 611 2559 είσηγηοάμενος
627 2473 679 2538 διά
694 2473 933 2552 τόάνόποπτον,
964 2475 1043 2540 άλλά
1070 2475 1123 2540 τόν
1149 2477 1245 2542 Κόΐν-
1331 2535 1339 2546 .

134 2610 188 2651 τον
214 2586 306 2647 τοῦτο
336 2583 565 2662 συμβουλεῦσαι
589 2576 835 2662 παρασκευάσας.
887 2577 979 2655 αότδς
1006 2579 1040 2644 δέ
1065 2585 1127 2645 τών
1152 2582 1184 2645 ἐν
1205 2586 1246 2668 τῇ

134 2685 222 2755 πόλει
249 2682 479 2764 κοινωσαμίνων
510 2679 594 2770 αὐτῷ
623 2683 689 2766 περὶ
719 2677 828 2746 τοότου
859 2679 941 2747 άκων
970 2693 1179 2770 προσεποιεῖτο
1207 2691 1245 2771 τῇ
1353 2712 1370 2733 .,

205 2852 309 2917 8οόδ’
325 2853 372 2930 οί]
392 2853 422 2912 ci
439 2852 471 2911 δὲ
488 2859 520 2912 Β.
615 2853 909 2940 emundemur-W.
944 2891 960 2940 '.
1014 2858 1049 2910 10
1065 2853 1081 2912 ό
1098 2861 1245 2984 πομπηίοσ

206 2927 316 2996 σε’ξστος
330 2929 364 2982 Α.
448 2927 483 2980 14
499 2923 569 3053 δργγι
588 2926 620 2982 Α.
703 2926 737 2981 16
755 2921 859 2996 αόταν]
876 2923 976 2980 uirtus
992 2927 1026 2986 A.
1113 2929 1147 2986 17
1164 2947 1182 2999 ρ
1198 2931 1244 3000 γα]

205 2999 255 3055 καί
270 2995 339 3069 μέγα
356 2997 389 3052 Β.
494 2997 527 3053 19
558 2991 658 3065 τήρησε
675 2995 707 3051 Α.

137 3155 198 3227 puio
216 3152 371 3218 distribuit,
395 3157 427 3205 ut
443 3163 501 3204 eum
518 3150 598 3203 etism
617 3149 669 3202 sibi
687 3147 852 3216 devinciret,
878 3151 973 3202 necin
991 3148 1147 3204 ulciscendis
1164 3151 1249 3223 petris

137 3223 335 3296 percussoribus
354 3220 535 3274 adversarium
552 3220 672 3272 haberet.
694 3235 727 3271 ne
745 3219 807 3288 qnid
825 3227 911 3272 sutem
929 3219 1048 3289 pervim
1066 3223 1156 3273 iecere
1173 3221 1248 3276 vidc-

138 3301 221 3359 retur,
239 3291 339 3344 indicis
356 3291 460 3358 coegit3
478 3287 598 3357 quamvis
615 3288 655 3339 rei
689 3287 789 3357 lenique
805 3290 938 3352 abessent,
956 3289 1072 3342 nonnulii
1089 3290 1167 3344 etium
1184 3290 1248 3360 pio·
1286 3297 1291 3305 '

138 3362 241 3416 vincius
258 3360 418 3413 obtinerent.
454 3356 478 3410 si
498 3357 544 3426 qui
562 3373 626 3417 vern
646 3373 661 3411 ιι
680 3367 772 3424 erent,
794 3357 813 3408 ii
831 3373 861 3409 se
878 3373 943 3426 prae
960 3366 1029 3410 netu
1048 3358 1112 3412 ciam
1130 3376 1164 3412 ex
1184 3362 1250 3415 nrbe

138 3431 328 3502 proripiebant.
364 3442 446 3496 quare
467 3427 567 3478 indicta
592 3442 672 3480 causa
690 3443 742 3480 non
758 3441 929 3496 percussores
945 3433 1046 3479 tanturn
1065 3435 1095 3480 et
1110 3429 1251 3496 coniurati,

138 3503 185 3555 sed
205 3498 280 3552 mniti
295 3497 373 3549 ctisrn
393 3495 439 3547 niii
456 3495 480 3547 ei
496 3495 598 3547 crimini
615 3513 666 3548 nnn
684 3497 796 3560 affines,
820 3494 925 3563 quidum
943 3495 1021 3548 etism
1037 3497 1084 3566 qni
1105 3505 1159 3551 tum
1184 3500 1251 3553 urbe

138 3571 293 3629 abfuerant,
309 3572 340 3618 nt
358 3564 388 3619 8.
407 3564 558 3634 Pompeius,
576 3573 638 3618 sunt
655 3563 820 3618 condemnati
837 3571 866 3615 et
882 3580 951 3633 sqnu
968 3572 1049 3633 etque
1064 3567 1120 3636 igni
1136 3567 1250 3622 interdi-

139 3639 195 3706 cti,
214 3651 354 3704 eorumque
372 3634 442 3686 bons
459 3633 604 3703 publicata.

245 3702 295 3755 His
312 3703 428 3772 peractis
446 3710 538 3755 contra
557 3701 686 3772 Lepidum
709 3709 738 3755 et
753 3701 894 3756 Antonium
912 3701 1013 3755 Caesar
1035 3708 1079 3756 est
1097 3707 1250 3772 proiectus:

142 3776 189 3830 sed
207 3773 271 3827 nibil
289 3773 329 3824 roi
347 3770 439 3840 gessit,
456 3787 508 3824 non
525 3773 670 3840 quodcum
688 3771 801 3823 Antonio
818 3771 883 3825 ctam
901 3773 1026 3840 qntedsn
1044 3781 1138 3842 egerat
1158 3783 1186 3827 et
1201 3791 1252 3846 per

139 3845 213 3900 illurn
231 3859 288 3894 curn
305 3841 415 3912 Lepido,
433 3841 479 3892 sed
496 3841 567 3909 quod
584 3859 630 3893 eos
648 3841 737 3893 firmos
755 3847 783 3893 et
799 3841 940 3893 cnncnrdes
955 3855 1014 3895 esse
1028 3841 1147 3910 videbat,
1165 3860 1252 3916 spern-

141 3929 194 3983 ηοο
213 3913 328 3966 bsbebst
345 3925 433 3963 eornm
451 3926 501 3979 ope
518 3909 596 3963 Bruti
614 3919 642 3962 et
660 3909 764 3977 Cassii,
789 3925 898 3979 qnorum
920 3911 973 3962 iam
990 3925 1101 3979 rntgnse
1118 3911 1191 3966 vires
1208 3929 1251 3966 es·

143 3991 219 4048 sent,
244 3980 409 4045 debeiinndi,
434 3994 464 4030 sc
489 3986 583 4060 postea
600 3977 659 4033 ilios
677 3979 755 4032 etiem
774 3979 844 4032 inter
863 3996 892 4032 ss
909 3981 1059 4032 commissos
1078 3979 1250 4051 opprimendi.

142 4051 185 4104 tu
206 4053 240 4104 de
264 4047 416 4107 censisflvei
441 4047 541 4100 inritus
566 4056 647 4116 pscts
668 4049 802 4113 servavit,
829 4065 985 4119 operamque
1003 4049 1076 4102 dedit
1096 4060 1127 4102 nt
1146 4047 1250 4102 senatui
1271 4093 1275 4098 .

143 4116 631 4254 tt¹¹tq⁰tstt⁰⁰ttt¹2t⁰nct⁰
644 4119 1152 4256 „intuitis”nitius:
1167 4123 1249 4238 3⁸:22

145 4257 276 4315 cornutus
293 4275 310 4312 t
327 4257 440 4323 civibus,
458 4253 569 4310 invitum
586 4273 616 4310 se
633 4263 662 4309 et
677 4265 797 4310 enectum
819 4272 836 4309 ιι
858 4256 985 4310 militibus
1003 4253 1123 4310 assentiri
1142 4254 1249 4311 simnia·

586 4369 710 4400 ,ε
