3050 4809
486 270 700 337 lunanum
721 272 790 338 xu
814 276 867 340 as.
1156 274 1231 347 aas

119 446 179 505 νῶν
196 434 346 525 διωγμόν·
374 444 424 505 καὶ
442 446 550 507 πολλοί
566 442 646 508 κατὰ
664 440 836 528 διαφόρους
849 442 955 527 χώρας
970 443 1125 533 μάρτυρες
1142 449 1230 534 7⁸76·

118 568 214 621 νασιν,
239 540 317 630 δπὲρ
340 551 395 624 τῆς
422 549 465 622 είς
486 546 625 632 Χριστόν
649 548 779 621 πίστεως
804 552 970 625 πολυειδῶς
994 550 1228 635 ίναθλήσαντες.

119 646 219 710 hiscis
240 639 295 711 σόν
318 650 368 710 καὶ
386 649 434 710 ἐπὶ
451 646 561 714 τούτου
577 650 739 732 γενομίνης
755 647 1004 729 ἐπαναστάσεως,
1030 662 1130 732 κακῶς
1148 653 1228 739 εἶχον

113 743 275 829 Ῥωμαίοις
288 746 329 814 τὰ
345 747 521 834 πράγματα.
557 755 589 817 o‘i
602 752 710 835 se-yoip
729 750 854 815 Σκύθαι
870 752 923 817 τδν
935 751 1051 837 Ἴστρον
1068 756 1244 839 διαβάντες·ι

92 854 166 915 ὁκαὶ
184 844 278 927 αὖθις
294 852 351 933 τὴν
369 852 523 943 Θρηικῴαν
535 852 643 939 χώραν
659 846 942 940 ἠνδραποδίσαντο,
969 860 1019 919 καί
1038 842 1126 921 πόλιν
1143 886 1228 947 περι·

114 961 200 1038 φακῆ
223 954 279 1037 τὴν
305 955 533 1039 Θεσσαλονίκην
556 954 777 1044 ἐπολιόρκησαν
799 958 864 1037 μέν,
892 957 928 1023 ού
945 958 1048 1039 μέντοι
1066 962 1116 1023 καὶ
1134 959 1227 1027 εἷλον.

113 1056 156 1131 εἲς
180 1056 249 1131 δίας
275 1058 309 1121 δὲ
330 1066 476 1123 τοσοῦτον
502 1058 640 1137 ἅπαντας
662 1061 872 1147 περιέστησαν,
900 1058 942 1137 ὡς
963 1060 1146 1144 Ἀθηναίους
1170 1068 1227 1146 μὲν
1243 1077 1315 1131 wn
1328 1080 1381 1134 234

112 1157 351 1242 ἀνοικοδομῆσαι
377 1162 412 1225 τὸ
439 1174 537 1243 τεῖχος
563 1170 618 1245 τῆς
643 1160 761 1227 ἑαυτῶν
785 1162 917 1241 πόλεως,
949 1166 1167 1251 καθῃρημένον
1191 1170 1264 1232 ixl)

111 1266 175 1323 τῶν
208 1268 264 1325 τού
293 1261 399 1327 Σύλλα
428 1264 567 1349 χρόνων,
605 1267 871 1347 Πελοποννησίους
902 1266 936 1330 δὲ
965 1268 1144 1351 διατειχίσαι
1175 1269 1228 1335 τὸν

70 1360 237 1444 ΙοἸσθμδν
263 1364 324 1428 sind
348 1365 511 1449 θαλάσσης
535 1370 578 1443 εἰς
602 1366 778 1433 θάλασσαν.
830 1368 909 1432 άλλδ
933 1368 995 1451 μὴν
1020 1373 1071 1434 καὶ
1095 1372 1227 1457 Πέρσαι,
1263 1408 1266 1413 ·

111 1463 266 1549 Σατύρου
292 1473 380 1552 σφῶν
403 1468 634 1548 βασιλεύοντος,
660 1470 715 1551 τὴν
742 1472 856 1554 Συρίαν
880 1469 1072 1558 κατίδραμού
1095 1477 1146 1537 καὶ
1171 1476 1227 1558 τὴν

110 1569 339 1632 Καππαδοκίαν
355 1567 495 1655 ἐδῄωσαν
511 1574 562 1635 καὶ
579 1571 634 1653 τὴν
646 1570 775 1636 Ἔδεσαν
792 1569 998 1657 ἐπολιόρκουν.
1023 1643 1039 1665 ἢ
1054 1576 1227 1661 Οὐαλερια-
1297 1582 1300 1589 ’

109 1668 165 1745 νὸς
182 1670 216 1733 δὲ
232 1668 319 1734 ὤκνει
336 1677 505 1753 προσμῖξαι
522 1684 585 1749 τοῖς
601 1676 764 1755 πολεμίοις.
784 1673 898 1754 μαθὼν
916 1676 949 1738 δὲ
966 1672 1008 1751 ὡς
1026 1677 1054 1740 οἱ
1072 1678 1102 1741 ἓν
1117 1678 1226 1765 Ἔδίσῃ

110 1780 298 1858 στρατιῶται
320 1772 447 1851 ἕξιόντις
470 1783 525 1859 τῆς
548 1774 664 1851 πόλεως
688 1778 739 1841 καὶ
764 1774 1005 1858 συμπλεκόμενοι
1022 1789 1085 1855 τοῖς
1100 1779 1226 1866 βαρβά-
1262 1820 1265 1825 -

67 1889 102 1943 15
112 1898 180 1960 ροις
195 1876 326 1953 πολλούς
342 1877 570 1963 άναιροῦσιμαὶ
587 1886 712 1943 πλεῖστα
729 1885 827 1944 σκῦλα
845 1878 1064 1961 λαμβάνουσιν,
1088 1883 1224 1969 ’ἀνιθάρμ

109 2002 203 2059 σησε,
225 1981 275 2042 καὶ
293 1979 437 2044 άπελθιδν
452 1982 530 2061 μετὰ
546 1988 602 2064 τῆς
618 1980 770 2063 συνούσης
787 1981 873 2069 αὐτῷ
889 1990 1035 2068 στρατιάς
1052 1985 1225 2070 συνεπλάκη

107 2088 174 2154 τοῖς
190 2082 337 2166 Πέρσαις.
381 2083 410 2146 oi
428 2085 462 2147 δὲ
477 2086 704 2160 πολυπλασίους
721 2083 805 2160 ὄντες
820 2086 893 2160 τούς
905 2083 1074 2167 Ῥωμαίους
1089 2088 1222 2155 ίκύκλω-
1239 2094 1293 2149 ΡἸ
1309 2094 1363 2175 6βο

108 2208 178 2261 σαν,
200 2187 251 2247 καὶ
268 2184 298 2249 οἱ
314 2188 436 2261 πλείους
451 2188 507 2267 μὲν
523 2185 641 2264 ἴπεσον,
662 2186 734 2249 ἔνιοι
752 2188 786 2248 δὲ
805 2189 854 2249 καί
874 2188 1027 2273 διέφυγον,
1053 2192 1224 2277 Ούαλερια-
1323 2182 1333 2199 ’

106 2282 162 2359 νδς
186 2286 221 2349 δὲ
245 2288 302 2351 obv
325 2299 388 2363 τοῖς
410 2292 477 2373 περὶ
500 2287 594 2352 αύτδν
617 2284 797 2372 συνελήφθη
822 2297 886 2362 τοῖς
908 2290 1064 2369 πολεμίοις
1079 2294 1129 2355 καὶ
1148 2293 1225 2379 πρὸς

64 2386 165 2451 suris
191 2387 345 2473 Σαπιύρην
370 2386 509 2471 ἀπήχθη.
558 2386 576 2452 ὃ
604 2391 719 2453 δὲ’τοῦ
743 2388 896 2469 βασιλέως
922 2386 1078 2474 κρατήσας
1103 2391 1224 2459 πάντων
1251 2408 1270 2451 2·
1327 2448 1336 2459 ,
1364 2388 1375 2402 “

107 2489 172 2572 ἤδη
196 2500 317 2574 κρατεῖν
339 2488 430 2577 ᾤετο·
457 2493 508 2555 καὶ
533 2491 618 2572 ὠμός
642 2488 685 2555 ὢν
708 2493 788 2577 πρίν,
814 2496 919 2579 πολλῷ
939 2492 1051 2579 χείρων
1075 2496 1223 2561 ελσίπειτα

105 2591 237 2675 γέγονεν.

216 2694 256 2758 Oi
279 2694 336 2775 μὲν
360 2686 415 2758 oris
436 2694 533 2771 οὕτως
551 2691 745 2777 αι’χμάλωτον
761 2690 931 2767 ἑαλωκέναι,
942 2694 994 2759 τδν
1016 2695 1222 2783 Οὐαλεριανὸν

179 2905 193 2956 1
213 2901 341 2970 γεγόνασι
356 2900 497 2971 μάρτυρες
511 2906 545 2959 Α.
648 2906 664 2957 5
684 2896 737 2969 κήν
753 2896 928 2967 άνθρακάαν
947 2904 980 2956 C.
1076 2906 1093 2960 6
1112 2902 1220 2974 μέντοι]

178 2966 234 3037 μὴν
250 2974 306 3026 AB.
395 2974 428 3025 ll
445 2972 494 3025 καί
511 2969 563 3042 τὴν
579 2974 615 3025 Κ.
634 2969 761 3041 ἐδῄωσαν
779 2989 820 3023 om
840 2970 871 3027 B.
959 2966 1220 3043 tantumlocuti.

177 3040 210 3093 17
229 3036 385 3095 ἐκύκλωσαν
403 3060 443 3094 om
461 3042 493 3099 C.

106 3234 151 3278 tus
170 3231 224 3289 est3
241 3241 273 3285 sc
290 3226 364 3278 multi
383 3226 498 3279 dirersis
516 3227 543 3278 in
562 3224 627 3276 locis
645 3230 773 3290 martyres
792 3224 856 3277 facti
874 3230 945 3289 sunt,
963 3224 1045 3277 variis
1057 3241 1105 3293 pro
1118 3226 1218 3279 Christi
1325 3277 1331 3289 ,

106 3296 159 3347 fide
177 3294 364 3347 certaminibus
390 3294 517 3347 defuncti.
553 3295 602 3347 sub
620 3293 668 3344 hoc
685 3309 791 3361 quoque
809 3298 919 3362 propter
936 3302 1083 3345 exterarum
1102 3295 1219 3363 gentium

105 3370 195 3415 motus
219 3365 287 3415 mals
309 3382 339 3415 se
363 3361 548 3414 res'uomana
572 3362 673 3414 habuit.
710 3379 769 3413 nam
792 3362 910 3427 Scythas
932 3362 1026 3414 Istrum
1049 3365 1217 3431 transgressi,

105 3432 247 3485 Thraciam
267 3432 351 3483 denuo
369 3430 499 3499 populati,
517 3434 606 3483 urbem
625 3432 753 3481 illustrem
771 3430 984 3481 Thessalonicam
1003 3432 1162 3485 obsederunt
1179 3432 1217 3485 illi

106 3502 212 3572 quidem
229 3503 274 3553 sed
293 3520 343 3553 non
362 3488 563 3568 expugnsrnnfl
585 3516 617 3550 ac
638 3507 766 3550 terrorem
789 3504 891 3551 tantum
916 3498 1063 3551 intulerunt
1089 3503 1217 3566 omnibus,

105 3578 137 3623 ut
154 3570 328 3623 Athenienses
350 3586 398 3620 sna
422 3570 523 3621 moenia
546 3569 597 3622 iam
616 3569 678 3619 inde
701 3567 827 3634 asyllas
845 3568 1006 3635 temporibus
1024 3576 1158 3637 prostrata
1176 3571 1217 3621 in-

105 3647 270 3702 staurarent,
295 3640 510 3706 Peloponnenses
533 3654 599 3690 vero
623 3636 746 3688 isthmum
771 3653 786 3687 a
810 3636 874 3687 mari
898 3637 929 3686 ad
953 3652 1024 3687 mure
1045 3638 1123 3691 ducto
1142 3654 1217 3691 muro

104 3708 323 3759 intercluderent.
341 3708 439 3758 Persae
456 3724 561 3776 quoquc
578 3707 682 3774 Sapore
697 3722 763 3772 rega
781 3705 887 3771 Syriam
903 3705 1071 3758 incusserunt
1088 3714 1116 3759 et
1132 3708 1217 3760 Edes-

105 3792 163 3829 sam
180 3775 355 3827 obsederuntt
373 3792 440 3843 quos
458 3777 612 3833 Valerianus
629 3776 703 3845 prins
721 3773 830 3843 aggredi
850 3790 900 3825 non
917 3791 1006 3837 ausus,
1024 3792 1081 3828 cnm
1098 3776 1214 3830 Edesse-

104 3862 156 3897 nos
179 3842 273 3895 milites
295 3843 477 3911 eruptionibus
500 3844 630 3899 iaciendis
654 3844 748 3897 multos
772 3844 898 3895 barbaros
922 3842 1034 3896 caedere
1053 3850 1081 3897 st
1099 3846 1216 3915 plurimis

104 3912 190 3983 potiri
205 3910 296 3979 spoliis
313 3912 464 3978 didicisset,
488 3922 597 3983 recepto
614 3914 700 3965 animo
717 3912 826 3965 adortus
845 3918 893 3966 est.
930 3913 989 3980 qni,
1016 3920 1046 3965 nt
1062 3914 1139 3979 longe
1156 3915 1216 3983 plu-

103 4001 158 4048 res,
178 3982 308 4035 Romanos
323 3981 563 4044 circumdederunt3
581 3982 675 4051 quibus
692 3982 802 4033 maxima
820 3998 852 4033 ex
870 3986 946 4049 parte
963 3982 1066 4047 occisis,
1084 3982 1214 4035 nonnullis

105 4052 185 4103 etiam
202 4050 317 4118 elupsis,
338 4050 495 4103 Valerianus
512 4068 568 4105 cum
586 4050 819 4109 suisksatellitibus
837 4050 870 4101 ab
888 4050 1006 4103 hostibus
1024 4058 1116 4120 captus
1133 4060 1213 4117 atque

104 4121 139 4172 ad
157 4122 285 4191 Saporem
305 4120 432 4173 abductus
450 4128 500 4173 est.
534 4122 558 4173 is
576 4137 640 4171 sero
657 4137 714 4172 cnm
732 4120 916 4188 imperatorem
936 4126 1053 4185 teneret,
1080 4118 1166 4171 omnia
1184 4136 1213 4171 se

105 4191 157 4242 iam
170 4191 272 4243 vicisse
288 4195 374 4255 retus,
390 4190 465 4243 homo
483 4206 532 4259 per
548 4207 577 4242 se
594 4188 717 4253 crudelis,
736 4188 817 4241 multo
834 4188 950 4240 deterior
968 4188 1063 4240 evasit.

209 4259 333 4311 Nonnulli
357 4258 391 4311 sd
418 4259 487 4311 hunc
507 4259 608 4313 modum
632 4258 755 4311 sPersis
774 4257 942 4311 Valerianum
960 4274 1019 4309 esse
1036 4260 1141 4325 captum
1157 4260 1213 4310 tre·
1287 4282 1295 4297 ·

158 4344 285 4399 Zoncrce
301 4344 423 4399 Annales
440 4343 477 4396 11.
962 4350 1003 4413 38
