3050 4809
260 261 335 332 sto
593 235 594 240 '
632 260 804 327 romnus
830 257 1026 327 zoaram

259 439 320 500 τῶν
336 432 491 516 ἐπιφανῶν
507 419 586 512 ἦσαν
603 433 653 495 καὶ
670 433 753 511 νίων,
771 433 922 498 ἐκέλευσεν
934 432 1052 497 άπιίναι
1065 432 1114 495 καὶ
1127 429 1172 512 μὴ
1187 423 1369 495 κινδυνεάειν

260 533 346 620 παρὰ
369 531 491 618 γνώμην
514 531 609 611 οὕτως
633 534 792 621 ἀνάνδρως
814 539 864 600 καὶ
888 541 1035 618 μαλακῶς
1056 534 1197 616 ἔχοντας,
1224 533 1315 608 αῧτδς
1332 534 1368 596 δὲ

222 638 322 724 (ξίφη
346 635 381 701 τδ
405 637 530 700 δέκατον
553 635 655 721 τάγμα
676 639 864 726 παραλαβών
888 640 936 703 ἐπὶ
956 638 1028 714 τοὺς
1043 634 1223 723 βαρβάρους
1240 633 1363 719 παρεδε-

259 746 355 817 σθαι,
371 736 446 821 μήτε
464 741 611 824 κρείττοσι
627 741 747 823 μέλλων
764 745 914 824 Κίμβρων
928 739 1087 824 μάχεσθαι
1104 741 1271 820 πολεμίοις,
1288 735 1366 821 μήτε

261 840 354 918 αὗτδς
370 845 498 928 Μαρίου
511 845 622 926 χείρων
639 841 682 908 ῶν
700 844 879 930 στρατηγός.
928 847 960 909 ix
977 842 1087 910 codron
1103 841 1202 929 ὁρμῆς
1218 844 1270 906 καί
1287 857 1395 926 πρυ-5

260 947 380 1026 θυμίας
395 943 547 1030 γενόμενοι
564 945 686 1030 πλήρεις
704 947 834 1025 ἅπαντες
857 945 1061 1030 ήκολοάθουν,
1086 949 1136 1010 καί
1159 943 1367 1028 μαχεσάμενοι

261 1053 410 1134 λαμπρῶς
424 1049 497 1125 ταδς
514 1052 665 1126 ἐναντίους
681 1051 847 1135 ἒτρίψαντα
855 1100 865 1129 ,
891 1049 968 1117 ῶστε
985 1057 1099 1136 νεκρῶν
1113 1047 1270 1134 μυριάδας
1285 1047 1366 1112 ὀκνῶ

191 1233 192 1240 ¹
259 1152 412 1236 γενέσθαι.
462 1149 532 1216 ὅδὲ
548 1151 663 1218 τούτων
679 1151 1009 1240 βασιλεδςἈριάϋστος
1025 1152 1153 1242 φθάσας
1169 1146 1240 1235 μετ’
1256 1151 1367 1235 ὀλίγων

260 1255 418 1340 διεπίροισε
434 1253 487 1318 τὸν
499 1251 614 1337 Ῥήνου.
1007 1319 1010 1323 ,
1039 1281 1042 1285 ’

363 1363 472 1421 Ταῦτα
490 1353 787 1441 διαπραξάμενοςείς
800 1357 855 1441 τήν
867 1360 934 1443 περὶ
948 1352 1059 1422 Πάδον
1074 1358 1228 1420 Γαλατίαν
1240 1355 1365 1437 κατίβη,
1375 1371 1410 1423 lu

259 1456 337 1527 ἔνθα
364 1461 528 1546 διατρίβων
554 1458 739 1546 ίδημαγώγει
773 1467 893 1550 πολλῶν
925 1460 985 1526 ἀπὸ
1015 1456 1134 1542 Ῥώμης
1163 1459 1241 1544 πρὸς
1273 1457 1368 1523 αδτδν

260 1563 514 1650 ἀφικνουμένων,
542 1573 605 1640 τοῖς
631 1563 690 1628 άπὸ
717 1569 778 1628 τῶν
806 1564 956 1644 πολεμίων
978 1560 1118 1648 χρήμασι
1144 1563 1216 1638 τοὺς
1241 1563 1368 1637 πολίτας

147 1681 152 1690 ’
222 1663 466 1750 ὓχειροάμενος.
518 1669 633 1732 ἐκεῖθεν
663 1667 697 1730 δὲ
727 1665 831 1742 ἄλλοις
855 1665 957 1730 ἔθνεσι
982 1663 1131 1744 ἐπελθών,
1163 1668 1214 1730 καὶ
1240 1662 1369 1745 νικήσας

260 1775 451 1856 περιφανῶς,
493 1761 586 1846 αὖθις
614 1771 645 1833 ἓν
674 1778 737 1844 τοῖς
766 1772 833 1852 περὶ
866 1767 978 1834 Πάδον
1004 1773 1129 1854 χωρίοις
1159 1764 1369 1850 διαχειμάσων

258 1867 449 1955 ὑπέστρεψε,
474 1872 546 1947 τοὺς
570 1873 637 1954 περὶ
661 1870 715 1954 τὴν
733 1867 854 1953 Ῥώμην
876 1871 981 1947 εὔνους
997 1869 1096 1958 ἑαυτῷ
1113 1872 1271 1950 τιθέμενος
1285 1867 1367 1954 χρή·
1377 1881 1408 1934 15

260 1998 365 2055 μασιν,
389 1973 410 2037 ά
435 1983 498 2050 τοῖς
521 1973 577 2048 τὰς
600 1974 697 2058 ἀρχὰς
714 1970 834 2050 ἑαυτοῖς
849 1976 1017 2055 μνωμίνυις
1030 1981 1171 2059 χορηγῶν
1186 1975 1299 2049 ίκεῖνος
1317 1975 1369 2036 τὸν

109 2083 185 2138 wn
195 2085 248 2142 126
265 2078 362 2159 δῆμον
384 2074 502 2151 τούτοις
527 2078 718 2162 διαφθείρειν
739 2079 831 2140 ίποίει
855 2080 905 2139 καί
929 2087 993 2152 τοῖς
1016 2077 1055 2140 τὰ
1076 2074 1223 2159 χρήματα
1246 2079 1370 2140 διδοῦσι

261 2181 454 2265 ψηφίζεσθαι
478 2178 534 2254 τὰς
553 2175 659 2263 ἀρχάς.
710 2177 739 2242 οἳ
758 2179 791 2242 δὲ
808 2183 867 2242 πᾶν
883 2177 900 2242 δ
917 2179 972 2261 τὴν
989 2181 1101 2244 ἑκείνου
1118 2177 1248 2260 δύναμιν
1265 2177 1369 2255 αὔξειν

260 2280 381 2364 ἴμελλεν
398 2280 554 2367 ἔπραττον.
607 2279 670 2345 εἶτα
688 2283 737 2345 καί
755 2283 843 2366 ἕτερα
860 2283 992 2346 Κελτικὰ
1008 2280 1134 2365 νικήσας
1150 2281 1227 2364 ἔθνη
1243 2283 1295 2346 καί
1314 2281 1369 2345 τὸν

255 2382 361 2468 Ῥῆνον
382 2385 564 2471 γεφυρώσας
588 2390 709 2470 στρατῷ
732 2385 828 2467 διίβη.
879 2387 996 2448 ἐκεῖθεν
1024 2384 1056 2448 δ’
1085 2383 1287 2464 ίπαναζεάξας
1309 2383 1409 2466 ripato
1522 2386 1523 2447 ἰ

259 2495 315 2572 τῆς
331 2487 440 2564 παιδὸς
458 2489 552 2553 αὐτοῦ
568 2486 717 2570 τελευτήν,
741 2486 762 2570 ii
779 2494 823 2574 τῷ
837 2488 994 2578 Πομπηίῳ
1012 2485 1155 2576 συνῴκει,
1191 2487 1367 2569 μεμάθηκε,

260 2594 311 2655 καί
335 2589 382 2655 ὅτι
407 2592 550 2656 τίκτουσα
575 2592 721 2682 τέθνηκε,
756 2593 807 2653 καί
833 2585 876 2666 ῶς
898 2590 968 2672 μετ’
996 2589 1097 2675 ὀλίγον
1120 2592 1171 2656 καὶ
1196 2592 1231 2655 τδ
1257 2593 1367 2673 τεχθὲν

327 2752 346 2804 2
363 2743 452 2811 οὕτως
467 2751 517 2803 boc
536 2751 595 2804 loco
616 2749 661 2802 ΑΒ
678 2749 845 2818 Plutarchus,
863 2755 926 2818 post
941 2751 1071 2819 μαλακῶς
1086 2750 1155 2806 Pw.
1224 2752 1244 2806 4
1259 2747 1368 2818 μέλλων

328 2818 452 2888 κίμβοοιν
467 2820 490 2873 Α
507 2819 671 2880 Plutarchus,
689 2819 820 2889 Κίμβρων
837 2819 942 2886 μέλλων
959 2821 1027 2877 PW.
1096 2821 1115 2873 8
1133 2821 1283 2884 Αριοῦστος
1298 2821 1365 2884 l’w,

328 2883 496 2958 Ἀριόβυστος
513 2889 677 2940 Plutarchus.
782 2884 875 2956 ὀλίγον
896 2893 929 2943 Α.
1035 2890 1068 2944 12
1085 2885 1300 2956 οίφικνουμένων
1319 2891 1366 2941 ΑΒ

327 2957 499 3024 Plutarchus,
515 2951 693 3024 α’φικομὲνων
710 2957 777 3011 PW.
897 2958 1076 3026 misplaced
1093 2960 1266 3026 Plutarchus,
1283 2955 1367 3011 πολέ-

328 3045 388 3096 μων
404 3027 473 3082 PW.
577 3025 609 3081 16
626 3019 753 3094 άπαρχάε
770 3027 802 3082 Β.
1061 3037 1064 3040 ’

196 3183 198 3192 ’
259 3167 313 3235 lio,
339 3181 404 3234 quos
428 3171 533 3233 praeter
557 3163 702 3234 opinionem
720 3179 791 3214 snam
810 3163 876 3215 adeo
892 3162 984 3216 molles
1003 3169 1031 3216 et
1047 3161 1210 3216 effeminatos
1227 3172 1365 3217 cerneret:

169 3264 180 3296 ,·
260 3253 290 3288 sa
308 3253 372 3287 vero
390 3251 446 3286 cum
464 3234 563 3288 decima
579 3235 682 3302 legione
696 3233 824 3285 ‘barbaros
843 3234 993 3285 invasurum
1011 3250 1071 3285 esse
1087 3234 1173 3298 dixit,
1191 3234 1260 3303 qnod
1278 3250 1366 3301 aeque

259 3301 351 3356 lrostes
366 3305 490 3356 fortiores
507 3303 621 3357 Cimbris
639 3302 806 3372 oppugnandi
823 3311 925 3369 essent,
941 3316 1028 3369 neque
1043 3303 1100 3371 ipse
1116 3305 1261 3372 imperator
1278 3303 1366 3356 lilerio

155 3407 157 3412 -
259 3371 385 3426 deterior.
420 3374 469 3425 hac
487 3374 606 3425 oratione
624 3373 732 3424 omnium
751 3371 844 3424 animis
861 3372 894 3423 ud
911 3371 1073 3424 alacritatem
1092 3380 1121 3423 et
1137 3373 1274 3424 audaciam
1293 3373 1368 3424 exci-

260 3441 338 3508 tatis,
366 3443 449 3494 secuti
468 3443 563 3495 milites
580 3443 718 3494 victoriam
735 3438 861 3504 illustrem
879 3442 913 3493 ab
931 3441 1051 3493 hostibus
1077 3449 1265 3510 reportarunt,
1291 3447 1367 3493 octo·

260 3510 334 3630 glinta
357 3511 460 3564 milibus
485 3512 578 3564 caesis.
614 3527 702 3564 eorum
720 3525 768 3562 rex
785 3509 937 3563 Ariovistus
954 3526 1011 3562 cnm
1031 3512 1122 3579 paucis
1139 3510 1234 3562 Rheno
1251 3511 1366 3562 traiecto

260 3595 299 3630 es
319 3595 364 3632 sus
382 3591 432 3632 est.

300 3597 316 3647 p
362 3647 411 3700 His
428 3649 506 3699 rebus
523 3647 607 3716 gestis
623 3647 650 3699 in
662 3646 870 3717 circumpadana
889 3647 976 3699 Gallis
992 3646 1089 3716 degens
1109 3647 1198 3717 populi
1215 3644 1308 3699 stadia
1325 3651 1368 3697 est

257 3718 538 3839 :sustulisti
540 3717 618 3838 ⁰:112}
634 3715 745 3852 'gelu'
748 3717 1054 3854 nuriuttltiii
1057 3715 1228 3838 ‘lunii
1237 3716 1366 3836 leoni

258 3856 344 3926 partis
367 3855 401 3908 ad
426 3854 523 3906 Padum
547 3855 573 3906 in
599 3855 708 3906 hiberna
733 3853 827 3919 rediit,
852 3849 982 3907 Romanos
1004 3827 1116 3926 pedania
1138 3854 1189 3907 sibi
1213 3854 1366 3920 concilians,

258 3941 336 3993 quam
353 3923 385 3976 iis
405 3922 593 3993 suppeditabat
611 3923 655 3991 qui
671 3923 838 3990 magistratus
857 3923 1021 3993 ambiebant,
1046 3941 1098 3994 qno
1122 3924 1233 3993 populus
1251 3940 1301 3992 per
1319 3939 1365 3976 eos

258 4000 483 4062 corrumperetur,
508 4001 539 4043 ut
556 3993 588 4042 iis
605 3997 719 4054 tantum,
747 3988 792 4059 qni
810 4001 989 4057 numerarent,
1009 3994 1177 4061 magistratus
1193 3992 1362 4046 decemeret.

258 4063 298 4116 illi
315 4062 396 4132 igitur
413 4061 476 4113 nibil
494 4077 582 4112 eorum
598 4060 755 4112 omittebant
771 4060 865 4126 quibus
882 4061 939 4114 eius
956 4063 1077 4132 potentia
1093 4070 1243 4130 augeretur.
1266 4061 1362 4113 deiude

259 4130 317 4187 aliis
342 4129 445 4185 Galliae
474 4129 577 4200 populis
607 4128 738 4196 superatis
761 4128 877 4182 Rhenum
908 4140 988 4199 ponte
1016 4133 1133 4185 iunctum
1156 4147 1215 4183 cum
1241 4130 1363 4183 exercitu

258 4201 374 4252 transiit.
417 4200 478 4254 inde
496 4215 645 4263 reversus„
658 4197 728 4253 filiae
746 4199 867 4269 Pompeio
886 4211 985 4268 nuptas
1001 4209 1085 4254 morte
1103 4218 1137 4252 ex
1154 4201 1297 4273 puerperio
1316 4216 1363 4251 co-

258 4270 347 4337 gnita,
368 4287 452 4340 puero
469 4269 546 4324 edam
563 4269 640 4341 paulo
656 4275 719 4338 post
735 4266 875 4336 defuncto,
891 4268 950 4338 ipse
964 4275 994 4322 et
1011 4269 1150 4339 Pompeius
1165 4269 1194 4322 ia
1210 4270 1284 4322 luctu
1303 4270 1362 4322 iae·
