3050 4809
207 252 213 262 ⁸
264 222 316 297 56
624 224 798 295 mannus
814 225 1012 295 ΖΟΝΔΒΑΕ

262 402 318 465 τοῦ
334 394 512 481 στείχοντος
527 388 621 466 αῦτάν
638 396 846 484 ἀπηλλάττετο
863 397 953 484 καλή
968 401 1001 476 ἐς
1015 398 1052 464 sd
1063 400 1185 483 πλῆθος
1195 394 1253 464 s‘ns'
1272 398 1381 467 αὐτῶν

263 498 396 587 εἰσήγετο
421 498 441 584 ή
465 505 517 569 καλ
542 498 697 570 ἀπελύετο.
747 503 829 571 ἄλλα
851 506 903 569 καὶ
926 503 959 569 εί
968 504 1002 569 τί
1014 526 1073 569 που
1090 500 1192 580 ἔδοξεν
1210 502 1316 581 αῦτοῒς
1330 504 1380 586 μὴ

260 604 405 691 γενίσδαι
414 652 425 684 ,
450 604 583 673 ἐκώλυον
592 646 606 687 ,·
630 604 687 673 κάν
710 604 835 691 ίδιώτης
849 598 889 691 ήν
905 602 923 673 ὅ
941 613 1038 673 ποιεῦν
1061 604 1121 672 κάν
1137 604 1257 691 ἅρχων·
1284 605 1342 672 κάν
1357 604 1381 671 ὅ

265 711 364 793 δῆμος
386 706 443 773 κάν
465 704 485 793 ή
511 710 611 795 βουλή
635 705 779 797 πράττειν
801 709 907 793 ἔμελλέ
922 736 950 776 τι
967 710 1025 776 κάν
1040 711 1256 798 ψηφίζεσθαι,
1282 707 1326 787 εἷς
1342 711 1385 776 δέ
1514 795 1515 800 ¹

222 828 310 890 Βτις
334 811 499 896 ήναντίωτυ
527 811 702 901 δήμαρχος,
729 812 886 899 ἄπρακτος
906 816 960 879 καί
982 812 1003 899 ή
1027 818 1139 900 πρᾶξις
1160 815 1212 878 καὶ
1228 811 1249 898 ή
1265 820 1414 902 ψῆφοςό
1514 803 1515 806 ¹

262 917 382 1003 ίγίνετο.
416 922 472 980 τοῦ
485 915 599 1005 χρόνου
617 919 652 983 δὲ
668 914 827 1005 προϊόντος
843 922 894 985 καὶ
909 918 966 1006 τήν
981 919 1140 1005 γερουσίαν
1156 916 1313 1004 ἀθροίζειν
1325 920 1383 983 καί

265 1022 390 1104 ζημιοῦν
412 1018 466 1085 τδν
489 1022 532 1104 μή
558 1026 788 1108 πειθαρχοῦντα
810 1024 862 1087 καὶ
877 1024 1004 1113 μαντείην
1018 1027 1160 1108 χρῆσθαι
1176 1022 1227 1087 καλ
1246 1020 1382 1101 δικάζειν

265 1119 477 1210 ἐπετράπησαν
500 1122 521 1207 ή
539 1120 658 1203 ἓαυτοΐς
674 1124 854 1213 ἐπίτρεψον.
906 1128 958 1191 καί
974 1125 993 1191 δ
1009 1124 1069 1212 γὰρ
1086 1134 1184 1190 ποιεῖν.
1200 1124 1305 1203 αὐτοῖς
1321 1125 1381 1191 οῦκ

264 1227 333 1310 ίξήν
341 1275 351 1305 ,
378 1224 562 1315 κατώρθουν
578 1232 612 1292 ἐκ
629 1234 684 1313 τῆς
700 1228 962 1320 ἀνανταγωνίστου
979 1228 1057 1316 πρὸς
1074 1227 1187 1294 πάντά
1204 1225 1382 1316 πραττόμε-

262 1354 315 1395 νον
339 1326 397 1416 bp'
418 1326 528 1413 ἑτέρων
550 1331 761 1411 ἐναντιώσεως.
812 1335 863 1399 καὶ
879 1330 944 1421 γὰρ
956 1334 1008 1397 καὶ
1026 1328 1139 1415 νόμους
1154 1330 1316 1417 εἰσήγαγον
1328 1332 1376 1397 ’ἶν’
1390 1346 1430 1401 10

263 1430 348 1512 ὅστις
369 1433 473 1512 αὐτοῖς
489 1432 567 1524 ἔργῳ
583 1436 605 1519 ή
623 1433 704 1525 λόγῳ
721 1433 934 1524 προσκροάοη,
966 1434 1024 1501 κάν
1040 1432 1164 1519 ἰδιώτης
1180 1434 1225 1519 εἴη
1242 1434 1301 1501 κάν
1318 1435 1382 1524 dp-

262 1561 338 1619 χιον,
360 1534 441 1625 ἱεράς
456 1564 489 1605 τε
508 1531 528 1625 ᾖ
545 1541 597 1605 καὶ
613 1547 658 1629 τῷ
673 1538 739 1626 άγει
756 1540 903 1624 ἔνίχηται.
928 1540 963 1606 τὸ
982 1540 1016 1604 al
1033 1539 1113 1625 ἱερὸν
1131 1537 1206 1605 εἶναι
1222 1539 1382 1606 ἀπολωλά·

226 1656 250 1711 0
267 1666 317 1707 ναι
342 1633 380 1725 ήν
390 1661 415 1687 ··
434 1640 515 1707 οὕτω
537 1644 598 1730 γάρ
621 1650 682 1709 πᾶν
706 1642 781 1729 ὅπερ
798 1644 837 1709 άν
853 1642 955 1730 ὥσπερ
971 1669 1001 1709 τι
1017 1648 1110 1726 θῦμα
1126 1647 1169 1720 εἰς
1183 1642 1306 1730 σφαγήν
1322 1668 1381 1708 κα-

265 1741 424 1831 θιερώθη,
450 1744 622 1827 ώνάμαστο.
672 1750 723 1811 καί
743 1747 855 1822 αὐτοὺς
871 1748 907 1812 δὲ
923 1746 995 1823 τοῦς
1010 1744 1190 1831 δημάρχους
1204 1746 1240 1813 τδ
1256 1751 1382 1829 πλῆθος

265 1844 513 1933 σακροσάγκτους
530 1846 703 1929 ὠνόμασαν,
730 1845 796 1913 οἷον
811 1850 895 1932 τείχη
912 1848 985 1935 ἅγια
1003 1852 1045 1926 είς
1060 1850 1202 1937 φρουρὰν
1217 1856 1278 1916 τών
1293 1856 1381 1935 σφᾶς
1391 1862 1429 1916 lb
1514 1895 1515 1902 ο

239 2031 242 2040 Ι
267 1950 511 2033 ἐπικαλουμένων
521 1949 735 2036 τυγχάνοντας.
776 1950 878 2038 σάκρα
891 1952 952 2039 γὰρ
965 1951 1050 2037 παρά
1058 1950 1220 2035 Ῥωμαίοις
1230 1952 1268 2017 τά
1281 1954 1379 2036 τείχη,
1514 1941 1515 1944 ¹

266 2054 317 2117 soi
342 2049 458 2138 σάγκτα
482 2055 521 2119 τά
544 2054 627 2141 ἅγια.
677 2056 775 2141 ἔδρων
798 2047 853 2119 οῦν
876 2055 976 2121 πολλὰ
1000 2055 1117 2121 ἄτοπα·
1169 2056 1302 2143 καὶγὰρ
1327 2058 1382 2121 καὶ

265 2152 401 2234 ῦπάτους
425 2156 556 2241 ἔβαλλον
578 2162 620 2235 εἰς
636 2158 671 2223 sd
693 2155 920 2246 δεσμωτήριον,
946 2162 998 2223 καὶ
1011 2156 1182 2225 ἓθανάτοον
1199 2160 1285 2235 τινὰς
1300 2160 1382 2243 μηδὲ

266 2255 357 2343 λόγου
374 2258 588 2345 τυγχάνοντας.
622 2264 672 2326 καὶ
690 2262 790 2339 οὐδεὶς
805 2263 910 2339 αῦτοῖς
926 2264 1146 2345 ἐναντιωθῆναι
1156 2259 1290 2345 ἐτόλμα·
1309 2262 1381 2327 εἰδὲ

265 2360 329 2446 μή,
346 2366 397 2428 καί
415 2364 507 2443 αὔτδς
523 2365 603 2454 ἱερὸς
620 2366 740 2451 ἐγίνετο.
767 2370 794 2431 εί
808 2364 912 2449 μέντοι
927 2366 1005 2443 τινὲς
1020 2365 1065 2449 μή
1082 2364 1168 2452 παρά
1184 2362 1307 2431 πάντων
1317 2372 1426 2432 roim

267 2464 435 2555 δημάρχων
456 2466 696 2549 κατεδικάζοντο,
721 2470 793 2547 τοῦς
810 2469 855 2553 μή
873 2464 1162 2554 ὁμογνωμονοῦντας
1179 2469 1380 2535 ἐπεκαλοῦντο

14 2636 17 2643 .
185 2578 203 2617 ⁸
223 2586 248 2639 l>
267 2572 310 2647 τίς
323 2571 455 2659 άρωγήν,
474 2577 524 2639 καί
538 2572 635 2651 οὕτως
650 2576 692 2651 είς
708 2576 795 2657 δίκην
807 2570 1106 2659 καθίσταντοήπαρ’
1116 2572 1379 2656 αῦτοῖςέκείνοιςή

335 2732 429 2789 uass
446 2748 488 2787 orn
503 2735 538 2789 Α.
625 2736 658 2789 12
678 2730 710 2787 di
726 2735 757 2799 A,
773 2729 828 2803 γάρ
844 2734 914 2787 PW.
1006 2732 1039 2787 13
1056 2726 1189 2804 postyoip
1206 2736 1231 2787 Δ
1250 2735 1302 2788 add
1321 2733 1380 2790 ιιαλ.

337 2799 616 2925 ὲὲκηγκηησάγκτους
639 2804 765 2869 ARCW,
789 2798 1006 2871 Σαιροσιίγτους
1026 2804 1058 2855 Ρ.
1199 2800 1233 2857 ll
1255 2802 1380 2873 σάγκτα]

269 3009 397 3077 exeeptis.
433 3008 504 3079 qnod
526 3008 551 3062 si
572 3009 631 3079 quis
652 3026 698 3061 eos
716 3009 760 3062 vel
777 3009 901 3063 absentes
919 3009 1094 3081 appellasset,
1119 3011 1144 3061 is
1159 3024 1267 3079 quoque
1283 3011 1317 3062 ab
1335 3027 1381 3079 eo,

268 3094 284 3130 a
302 3094 355 3147 quo
372 3080 573 3149 comprehensus
589 3080 695 3146 fuerat,
719 3078 865 3145 liberatus,
884 3080 929 3132 rel
946 3080 973 3132 in
990 3080 1137 3132 contionem
1154 3079 1188 3131 ab
1206 3080 1245 3131 eis
1263 3079 1380 3134 adduce·

267 3147 347 3199 batur
370 3148 416 3201 vel
441 3148 517 3200 etiam
540 3149 737 3201 absolvebatur.
771 3148 805 3201 ad
830 3148 896 3201 haec
918 3149 940 3201 si
966 3148 1038 3217 quod
1063 3148 1103 3199 eis
1124 3148 1258 3201 decretum
1281 3149 1341 3200 sive
1363 3165 1380 3202 n

266 3216 370 3285 privato
389 3218 447 3269 sive
464 3234 479 3270 a
497 3217 653 3285 magistratu
665 3218 723 3271 sive
735 3234 751 3269 a
762 3220 860 3288 populo
871 3218 968 3272 fanum
978 3217 1146 3287 displicebat,
1165 3217 1380 3273 intercedebant.

267 3284 340 3353 quod
360 3285 383 3337 si
401 3292 510 3339 senatus
528 3286 629 3354 aliquid
647 3287 690 3339 vel
709 3304 789 3356 agere
806 3288 849 3341 vel
866 3289 1009 3341 decernere
1026 3284 1194 3353 instituisset,
1213 3294 1296 3356 atque
1311 3304 1380 3342 nnus

267 3352 385 3407 tribunus
411 3356 497 3426 plebis
519 3356 729 3423 intercessisset,
754 3358 858 3411 irritum
875 3368 934 3411 erat
949 3356 978 3410 id
996 3358 1148 3422 decretum,
1166 3355 1269 3409 soloce
1285 3372 1382 3426 super·

267 3422 420 3476 sedebatur.
455 3440 596 3495 progressu
621 3426 744 3495 temporis
768 3427 816 3480 illa
838 3424 934 3495 etiarn,
960 3430 991 3477 ut
1008 3432 1037 3477 et
1053 3433 1170 3477 senatum
1188 3432 1380 3495 convocarent,

266 3491 337 3545 dioto
355 3510 409 3545 nou
427 3494 561 3548 audientes
578 3496 718 3565 punirent,
737 3502 765 3549 et
782 3497 916 3568 aruspices
936 3493 1111 3560 consulerent,
1130 3501 1178 3547 aut
1193 3512 1320 3549 concessa
1338 3496 1379 3549 eis
1483 3491 1489 3509 ⁸

267 3568 328 3613 sunt
346 3570 392 3615 aut
408 3564 441 3616 ab
458 3564 524 3633 ipsis
543 3576 679 3635 usurpata.
713 3584 773 3619 aram
789 3568 879 3633 multa,
895 3582 965 3635 quae
982 3564 1021 3616 eie
1038 3580 1090 3615 non
1106 3563 1230 3630 licebant,
1249 3565 1380 3618 adversa·

267 3630 387 3685 tionibus
403 3633 455 3687 illis
469 3634 579 3687 inuictis
601 3642 693 3689 contra
712 3636 798 3688 omnia
815 3652 885 3705 quae
901 3645 1047 3701 agerentur
1066 3633 1246 3687 obtinuerunt.
1280 3634 1381 3687 etenim

267 3699 340 3769 leges
365 3705 495 3770 rogabant
512 3704 606 3773 quibus
623 3706 661 3771 is,
685 3704 744 3757 sivo
768 3705 891 3774 privatus
912 3703 971 3754 sive
989 3701 1174 3770 magistratus,
1198 3718 1285 3774 aquo
1307 3704 1379 3757 dicto

267 3770 374 3824 faetore
392 3772 485 3826 offensi
502 3780 606 3843 esseut,
631 3790 706 3828 sacer
724 3782 796 3827 esset
812 3792 845 3827 ac
861 3771 965 3857 piaculo
983 3772 1134 3825 obstrictus.
1169 3789 1272 3826 sacrum
1290 3780 1379 3826 autent

266 3854 325 3893 asae
347 3838 415 3894 idem
439 3846 497 3896 erat
520 3845 591 3914 quod
615 3846 733 3914 perisse:
766 3842 805 3895 sic
828 3858 896 3895 enain
913 3839 1000 3894 omnia
1016 3858 1086 3910 qnae
1100 3840 1187 3895 iustu
1201 3842 1326 3895 victimae
1344 3842 1380 3895 ad

265 3909 373 3964 caedem
398 3910 532 3966 destinato
556 3922 618 3966 sunt
639 3910 813 3983 appellantur.
847 3910 921 3979 ipsos
944 3908 1023 3962 etiam
1047 3912 1168 3964 tribunos
1188 3912 1272 3982 plebis
1282 3918 1379 3965 'sacro-

267 3987 375 4034 sanctos
393 3980 462 4035 dixit
478 3984 568 4053 plebs,
586 3989 712 4049 tanquam
730 3997 806 4032 secra
821 3979 925 4032 moenia
941 3996 1031 4031 eorum
1048 3996 1065 4032 a
1082 3982 1178 4049 quibus
1194 3982 1380 4050 implorentur.

243 4106 244 4109 ,
266 4050 378 4120 proinde
395 4052 476 4105 multa
493 4059 555 4105 sunt
572 4052 606 4105 ab
626 4052 665 4103 eis
683 4050 796 4102 absurde
813 4050 898 4102 facua
918 4054 947 4102 ut
962 4050 1084 4103 consules
1100 4050 1129 4102 iu
1146 4066 1278 4103 carcerem
1295 4050 1381 4117 ducti,

266 4127 298 4173 ut
321 4122 426 4191 quidam
452 4122 554 4174 indicta
578 4136 657 4172 causa
676 4118 767 4171 occisi.
803 4134 890 4187 neque
907 4118 945 4171 eis
962 4118 1102 4173 adversari
1120 4118 1233 4188 quisque
1249 4120 1381 4173 andabata

265 4189 366 4259 alioqui
384 4198 413 4245 st
429 4190 486 4261 ipse
503 4204 580 4243 sacer
598 4196 664 4240 nat.
698 4186 722 4239 ei
739 4186 785 4257 qui
801 4196 888 4241 tanen
905 4204 957 4241 uon
972 4190 1007 4241 ab
1019 4187 1140 4241 omnibns
1149 4188 1264 4242 tribunis
1275 4187 1382 4242 omns

266 4266 368 4328 rentur,
386 4277 462 4331 opem
479 4257 690 4311 dissentientium
707 4254 897 4329 implorabant:
913 4257 1007 4326 itaque
1022 4272 1128 4311 masau
1139 4256 1231 4312 dicere
1238 4259 1300 4313 sive
1310 4259 1382 4328 apud
